1784 3177
1421 194 1466 233 11

187 345 329 385 Fungus
367 338 492 376 mollit-⁵,
530 335 704 375 flaccidas,
745 333 805 366 sed
844 333 962 366 aridus
991 334 1028 364 et
1057 330 1260 375 persistens,
1293 330 1458 362 contextu
1490 329 1527 361 fi-

54 426 210 459 brilloso.

214 515 323 557 XVI.
385 507 852 553 SCHIZOPHYLLUM
883 507 950 547 Fa.
1013 505 1112 545 Obs.
1144 505 1173 553 Ι,
1206 518 1233 556 p
1281 505 1372 544 103.

176 603 498 659 Reoeptaculuni
516 601 763 642 ooriaceuni.
796 596 1004 638 Lamellae
1021 595 1531 642 flabelliformi-ramosae,

56 691 144 732 acie
184 686 295 735 fissa,
334 681 533 724 revoluta.
603 680 763 732 Sporae
802 675 1117 730 sphaeroideae‚
1159 673 1281 715 albae
1321 672 1532 728 (hyalinae

56 785 87 811 s.
120 768 268 819 mictu),
301 763 488 816 exiguae.

251 877 381 919 XVII.
442 873 704 916 LENZITES
734 873 804 912 Fa.
864 871 1003 924 Epicr.
1036 870 1142 924 Syst.
1174 883 1213 922 p.
1246 870 1340 909 403.

190 968 514 1022 Reoeptaculum
545 965 804 1012 suberosum,
836 963 1010 1004 aridum.
1070 960 1282 1001 Lamellae
1304 959 1533 1006 ooriaceae,

58 1051 211 1099 firmae,
266 1062 374 1089 nuno
423 1045 634 1099 simplices
688 1042 943 1096 inaeqvales,
993 1054 1102 1082 nuno
1151 1039 1311 1093 postiae
1361 1049 1532 1090 poroso-

58 1130 434 1175 anastomosantes,
487 1125 577 1166 acie
627 1123 843 1164 subacuta.
919 1122 1080 1174 Sporae
1125 1117 1427 1173 sphaeroideae
1472 1114 1536 1156 vel

59 1208 269 1255 ovoideae,
300 1204 494 1258 hyalinae
526 1207 576 1256 (s.
609 1202 754 1255 lente),
787 1200 975 1254 exiguae.

193 1284 435 1338 Lignatiles,
476 1281 655 1330 sessiles,
697 1280 915 1329 dimidiati,
956 1282 1045 1320 tota
1076 1278 1182 1319 facie
1214 1276 1534 1318 Daedalearum.

473 1418 649 1457 Subfam.
682 1417 719 1455 2.
778 1415 1131 1455 POLYPOREAE.

194 1508 519 1562 Receptaculum
551 1506 749 1559 pileatum
782 1505 846 1546 vel
874 1504 1063 1554 effusum,
1095 1517 1192 1544 raro
1221 1502 1455 1544 obsoletum
1477 1501 1540 1542 vel

62 1591 149 1631 fere
193 1589 364 1629 nullum.
438 1586 688 1640 Hymenium
732 1584 922 1633 inferum,
963 1583 1203 1624 tubulosum
1234 1581 1297 1623 vel
1327 1594 1537 1634 porosum.

63 1669 161 1720 Pori
205 1667 268 1709 vel
312 1666 447 1708 tubuli
491 1665 659 1707 rotundi
703 1664 767 1705 vel
807 1663 1011 1718 angulosi,
1048 1662 1257 1703 interdum
1289 1660 1447 1702 sinuosi
1477 1660 1539 1701 vel

64 1748 250 1798 lacerati,
282 1748 393 1788 intus
424 1745 600 1787 basidiis
630 1744 880 1797 tetrasporis
911 1746 953 1784 et
980 1742 1167 1797 oysticliis
1198 1740 1350 1789 vestiti,

231 1860 383 1901 XVIII.
442 1859 690 1900 BOLETUS
722 1859 850 1908 Dius,
883 1858 951 1897 Fa.
1012 1857 1111 1897 Obs.
1144 1856 1174 1905 Ι,
1206 1869 1245 1908 p.
1281 1855 1371 1895 109.

200 1951 447 2005 Hymenium
486 1950 739 1999 tubulosum,
780 1948 832 1989 ab
873 1947 1186 2002 hymenophoro
1227 1946 1452 1987 discretum
1482 1943 1543 1983 fa-

67 2031 224 2084 cileqve
253 2030 502 2083 separabile.
561 2028 711 2069 Tubuli
741 2028 782 2068 in
813 2029 989 2068 stratum
1019 2039 1217 2080 porosum
1254 2023 1411 2077 stipati,
1443 2036 1468 2062 a
1499 2034 1542 2061 se

65 2109 241 2150 invicem
262 2109 387 2150 facile
412 2107 683 2161 separabiles.
731 2108 891 2160 Sporae
917 2101 1183 2159 ellipsoideo-
1208 2104 1272 2146 vel
1297 2103 1543 2156 oblongato-

69 2188 296 2237 fusoideae,
326 2188 458 2230 flavae
488 2187 551 2229 vel
580 2187 785 2241 hyalinae.

203 2274 316 2316 Fungi
348 2275 493 2315 carnosi,
525 2276 721 2314 terrestres,
743 2275 997 2317 putrescentes,
1019 2271 1152 2314 pileati,
1174 2270 1336 2313 sffipstati,
1359 2269 1544 2308 centwies,

70 2355 210 2398 plurimi
242 2354 371 2386 edules,

127 2460 237 2500 XIX.
297 2459 584 2500 FISTULINA
613 2459 734 2500 Bum..
798 2458 904 2498 Hist.
937 2457 1108 2510 Champ.
1142 2456 1288 2497 Frano.
1322 2469 1361 2508 p.
1395 2456 1488 2495 314.

205 2549 454 2603 Hymenium
489 2549 680 2603 primitus
718 2562 999 2596 verrucosum,
1031 2548 1124 2589 dein
1156 2546 1409 2588 tubulosum.
1469 2544 1548 2584 Tu-

72 2630 160 2671 buli
192 2629 455 2683 cylindraoei,
487 2629 596 2670 inter
625 2642 669 2670 se
700 2628 823 2670 liberi
851 2631 891 2669 et
921 2627 1104 2669 disorelzi.
1166 2626 1325 2679 Sporae
1357 2623 1549 2665 ovoideo-

76 2707 389 2761 sphaeroideae,
420 2708 877 2762 subinaeqvilaterales,
906 2708 1036 2749 dilute
1065 2707 1211 2756 flavae,
1242 2705 1439 2746 minutae.

208 2796 350 2839 Fungus
380 2797 623 2838 subcarnosuS,
654 2795 829 2840 lignicola,
860 2796 990 2830 sessilis
1020 2795 1076 2829 vel
1107 2794 1228 2839 stipite
1257 2791 1408 2826 laterali.
