1784 3177
322 196 371 235 56

396 325 509 358 Pileus
543 321 659 363 junior
696 326 798 359 saepe
828 314 963 356 gibbus,
993 311 1073 343 dein
1102 309 1234 352 planuS,
1267 306 1386 348 glaber
1416 301 1497 343 (nec
1527 302 1706 345 virginus),

269 407 352 438 udus
392 402 542 435 murinus
580 397 632 429 vel
667 394 803 433 lividus,
832 392 942 425 siccus
972 389 1040 421 fere
1071 386 1216 424 albiduS,
1248 383 1402 425 margine
1432 380 1572 413 omnino
1602 390 1706 413 mem-

268 484 443 517 branaceo,
481 476 636 520 primitus
671 474 775 505 breve
812 471 964 507 incurvo,
1001 466 1079 499 dein
1110 474 1272 506 expanso,
1303 461 1450 504 palmam
1481 460 1582 491 latus.
1641 459 1708 491 Sti-

269 560 355 601 pites
393 551 668 590 numerosissimi‚
706 550 739 581 in
782 546 966 589 caespitem
1005 542 1153 585 amplum
1187 539 1309 582 juncti,
1340 537 1444 578 vulgo
1475 536 1645 568 attenuati
1675 539 1711 568 et

268 630 683 667 curvato-adscendentes,
729 635 830 667 saepe
876 620 1076 664 compressi;
1120 617 1275 659 singulus
1312 612 1446 648 8-10
1482 625 1546 646 cm.
1578 615 1710 656 longus,

270 708 328 749 2,.’3
374 709 507 742 circiter
550 716 693 739 crassus.
762 701 934 735 Lamcllae
974 696 1342 730 adflato-decurrentes
1378 693 1430 724 vel
1463 692 1572 724 altero
1603 692 1711 724 latere

270 786 482 825 rotundatae,
524 780 627 816 5-8
669 792 746 814 mm.
788 780 890 816 latae,
923 786 1013 808 nunc
1045 774 1228 812 confertae,
1260 782 1350 803 nunc
1379 770 1503 802 leviter
1533 770 1712 808 distantes,

271 863 371 904 vulgo
413 861 596 894 undulatae
641 861 677 890 et
719 856 790 889 acie
833 854 1041 887 crenulatae.
1111 850 1239 893 Sporae
1280 848 1449 891 copiosae,
1480 848 1588 888 albae,
1620 857 1714 880 more

270 939 336 982 Ay.
368 938 474 971 mellei
503 936 671 980 caespites
699 934 868 966 farinosos
898 931 1092 963 reddentes¹

400 1010 462 1048 66.
524 1008 604 1058 Ag.
636 1004 866 1044 fumosus
899 1001 1012 1039 Pizus.
1045 998 1138 1050 Syn.
1171 996 1298 1048 Fung.
1330 1009 1367 1046 p.
1401 996 1493 1033 348.

400 1081 788 1133 Subcartilagineus,
841 1076 1005 1130 rigidus.
1080 1074 1216 1114 Pileus
1262 1085 1472 1120 carnosus,
1518 1085 1715 1112 convexo-

272 1162 428 1214 planus,
474 1160 654 1205 obtusus,
700 1155 836 1203 laevis,
881 1154 1025 1198 nudus,
1072 1151 1296 1204 expallens,
1327 1149 1523 1201 pellicula
1553 1149 1633 1188 adn

274 1240 407 1291 Stipes
437 1237 589 1278 solidus
619 1235 681 1276 vel
710 1235 876 1279 farctus,
904 1230 1175 1282 subaeqvalis‚
1199 1229 1315 1281 apice
1337 1228 1429 1280 plus
1452 1226 1583 1267 miuus
1605 1226 1718 1266 albo-

272 1316 514 1363 farinaceus‚
553 1313 716 1354 sordide
755 1311 883 1351 albus.
951 1309 1157 1349 Lamellae
1195 1308 1383 1354 adnatae,
1416 1305 1718 1354 subconfertae‚

276 1393 420 1433 lividae
451 1392 510 1432 vel
542 1391 704 1431 sordide
736 1389 909 1429 albidae.

407 1476 485 1519 Syn.
543 1474 718 1518 Ayaricus
739 1474 901 1517 fumosus
937 1473 997 1504 Fa.
1034 1472 1124 1514 Syst,
1154 1482 1239 1513 myc.
1270 1471 1296 1509 Ι,
1328 1481 1359 1512 p.
1393 1466 1454 1507 88,
1485 1469 1599 1512 Epicr.
1630 1470 1720 1512 Syst.

279 1565 363 1597 myc.
395 1565 426 1596 p.
459 1551 518 1591 56,
547 1554 639 1586 Icon.
670 1553 728 1585 sel.
761 1552 860 1595 Hym.
889 1563 920 1594 p.
955 1548 1016 1589 51,
1045 1553 1068 1582 t.
1102 1547 1163 1589 54,
1195 1549 1216 1581 f.
1248 1545 1269 1580 2
1303 1552 1338 1580 et
1367 1548 1468 1590 Hym.
1497 1557 1566 1578 eur.
1598 1557 1629 1589 p.
1660 1543 1722 1577 91.

409 1622 512 1663 Hab.
572 1623 615 1661 In
656 1622 765 1662 silvis
803 1619 981 1661 acerosis
1018 1623 1058 1659 et
1087 1619 1292 1659 frondosis
1323 1617 1502 1657 Fenniae
1534 1616 1724 1657 meridio-

284 1700 399 1748 nalis,
431 1699 634 1740 mensibus
666 1699 928 1752 Aug.-Oct.‚
961 1702 1024 1738 sat
1054 1711 1181 1737 rarus.

414 1784 604 1827 Gregarius,
654 1785 940 1827 subcaespitosus.
1012 1783 1129 1815 Pileus
1181 1793 1269 1814 nuuc
1319 1782 1504 1814 circinatus
1548 1780 1726 1822 regularis,

285 1873 373 1894 nunc
402 1862 761 1901 flexuoso-undulatus,
793 1861 977 1904 expallens,
1000 1860 1317 1903 subhygrophanus‚
1340 1858 1728 1901 fuligineo-fuscescens,

286 1951 361 1972 mox
390 1940 523 1980 lividus,
554 1941 662 1973 siccus
692 1940 831 1982 griseus,
863 1936 966 1972 3—-8
998 1950 1062 1972 cm.
1091 1939 1192 1971 latus.
1251 1939 1367 1982 Stipes
1398 1938 1527 1970 solidus
1558 1937 1611 1970 vel
1641 1936 1729 1969 sarc-

288 2020 351 2056 tus,
388 2018 611 2060 subaeqvalis,
649 2028 749 2060 saepe
787 2020 896 2050 tortus
933 2018 985 2049 vel
1016 1997 1187 2056 curvatus,
1220 2017 1356 2049 sordide
1388 2016 1497 2055 albim,
1530 2012 1635 2048 558
1666 2026 1729 2048 cm.

289 2095 418 2136 longus,
464 2092 594 2126 4-10
641 2106 717 2126 mm.
762 2071 911 2127 crassus⁴
978 2095 1149 2127 Lamellae
1187 2094 1220 2126 in
1261 2094 1475 2136 regularibus
1506 2094 1665 2133 adnzstae,
1698 2093 1731 2125 in

291 2172 531 2214 irregularibus
570 2172 648 2205 hinc
684 2173 915 2213 decurrentes,
948 2173 1042 2205 illinc
1072 2173 1290 2213 rotundatae,
1316 2173 1387 2215 jam
1417 2171 1577 2216 primitus
1605 2171 1732 2213 grisco-

292 2249 434 2282 albidae.
493 2249 578 2282 Oai-0
608 2251 674 2283 uda
702 2251 848 2294 hyalina,
879 2251 969 2283 sicca
998 2251 1160 2284 albicans.

423 2319 463 2358 C.
524 2319 657 2358 Pileus
689 2334 712 2359 a
742 2320 853 2360 disco
887 2334 1060 2361 carnoso
1092 2335 1231 2361 versus
1260 2321 1463 2373 margines
1486 2322 1734 2366 attenuatus,

296 2395 451 2434 demum
491 2399 598 2436 totus
635 2397 1021 2439 infundibuliformis
1060 2404 1130 2439 aut
1171 2403 1311 2439 centro
1343 2398 1545 2451 profunde
1575 2397 1737 2437 umbili-

297 2473 637 2525 cato-depressus.
710 2475 913 2517 Lamellae
958 2477 1265 2526 descendentes,
1311 2476 1500 2529 primitus
1540 2476 1660 2528 longe
1698 2477 1738 2514 et

297 2549 517 2601 aeqvaliter
547 2551 818 2593 decurrentes.

427 2630 468 2680 a)
499 2629 633 2670 Pileus
664 2630 870 2672 coloratus
899 2632 960 2673 vel
989 2632 1233 2686 pallescens,
1265 2632 1481 2686 superficie
1513 2631 1607 2687 (sub
1628 2631 1738 2673 lente

298 2705 458 2758 saltem)
488 2707 869 2751 innato-flocculosa
898 2711 959 2751 vel
989 2711 1156 2758 sericea,
1186 2711 1340 2752 bibula.
