1784 3177
1397 222 1475 262 225

195 345 303 388 Hah.
362 345 409 386 In
454 345 569 387 silvis
617 345 800 386 Fenniae
845 347 1040 388 australis
1085 352 1126 389 et
1170 348 1330 390 mediae
1361 348 1533 402 (Wasaz

60 425 183 479 ipse),
214 424 427 466 mensibus
457 423 699 465 Jul.—Nov.

193 512 337 556 Fungus
381 510 633 556 sapidissimus,
672 511 878 544 catervatim
907 511 961 543 vel
994 512 1186 546 circinatim
1218 524 1389 547 crescens.
1449 515 1533 559 Spo-

60 604 119 627 rae
161 591 652 638 sphaeroideo-ellipsoideae,
697 591 882 632 incolores,
926 591 1050 634 longit.
1097 590 1201 626 8—9
1242 605 1369 636 mmm,
1401 595 1535 627 crassit.

64 670 169 707 5-6
202 684 320 706 mmm.

196 834 294 875 Var.
339 836 378 889 β.
425 835 548 874 albzw.
607 833 736 873 Totus
775 831 907 873 albus.
945 856 986 862 —
1026 832 1088 873 Ad
1118 832 1250 873 vicum
1282 833 1464 887 Nappari
1496 834 1536 874 in

61 914 259 967 paroecia
288 912 431 967 Tyrvis
461 926 603 954 mense
633 911 870 965 Septembri
905 912 1009 952 1859
1042 911 1227 965 legimus.

196 1028 233 1067 2.
294 1026 337 1066 C.
370 1024 716 1067 aurantiacus
747 1024 923 1077 (WULF.)
955 1023 1023 1064 Fa.
1056 1023 1161 1078 Syst.
1194 1038 1296 1078 myc.
1330 1025 1359 1074 I,
1381 1039 1420 1078 p.
1444 1028 1536 1066 318.

195 1105 516 1147 Subaurantius.
577 1104 716 1145 Pileus
763 1116 976 1152 carnosus,
1022 1103 1171 1152 mollis,
1213 1104 1446 1157 depressus,
1480 1105 1538 1144 in-

63 1184 260 1238 aeqvalis‚
292 1184 645 1226 subtomentosus.
706 1183 846 1236 Stipes
878 1183 1046 1232 farctus,
1078 1183 1318 1235 inaeqvalis.
1380 1183 1539 1224 Lamel-

62 1264 128 1305 lae
159 1264 385 1313 confertae,
418 1263 697 1313 dichotomae‚
730 1261 916 1311 striatae,
949 1261 1314 1303 subsaturatiores.

193 1351 277 1395 Syn.
337 1348 519 1394 Ayaricus
562 1349 802 1382 aurantiacus
846 1348 971 1383 Wmv.
1019 1348 1055 1381 in
1093 1348 1194 1392 Jaeq.
1225 1348 1313 1382 coll.
1343 1348 1388 1390 II,
1420 1352 1444 1382 t.
1480 1347 1538 1389 14,

60 1430 83 1464 f.
117 1428 151 1464 3.
212 1429 459 1463 Cantharellus
504 1429 743 1463 aurantiacus
787 1429 850 1463 Fa.
892 1428 1011 1473 Epicr.
1057 1428 1150 1473 Syst.
1196 1439 1282 1473 myct.
1328 1440 1361 1473 p.
1395 1423 1472 1462 365
1505 1432 1539 1462 et

60 1510 162 1556 Hym.
180 1521 250 1544 eur.
272 1521 305 1555 p.
329 1507 422 1545 455.
442 1510 578 1544 KARs'r.
601 1510 693 1544 Finl.
715 1510 769 1543 ek.
793 1509 886 1544 Flor.
908 1520 942 1553 p.
966 1505 1028 1543 28.
1050 1508 1112 1543 SM.
1134 1508 1263 1542 Skand.
1282 1519 1416 1552 svamp.
1434 1508 1455 1540 s.
1476 1504 1540 1541 42.

192 1590 329 1625 Exsice.
387 1590 522 1624 KARs'r.
554 1590 667 1633 Fung.
698 1589 808 1624 Fenn.
841 1584 919 1622 228
951 1592 988 1622 et
1017 1585 1109 1622 421.

193 1672 301 1714 Hah.
362 1672 408 1713 In
453 1672 579 1721 silvis,
626 1671 771 1725 pratis,
820 1671 943 1721 arvis,
985 1670 1171 1712 cavernis
1200 1670 1465 1712 formicarum
1497 1670 1537 1710 in

62 1752 217 1793 Fennia
247 1751 421 1793 australi
466 1755 507 1793 et
537 1751 673 1792 media
707 1750 873 1805 (Wasat
904 1750 1010 1804 ipse)
1043 1749 1234 1802 freqvens
1265 1748 1388 1790 certis
1420 1749 1538 1789 annis

61 1832 272 1874 mensibus
303 1832 560 1885 Aug—Oct.

193 1918 312 1964 Stipes
355 1919 512 1953 seniores
554 1918 641 1952 locis
686 1916 869 1960 uliginosis
912 1916 1087 1959 nigrescit.
1149 1915 1280 1959 Sporne
1311 1915 1536 1959 ellipsoideae

63 1999 116 2033 vel
149 1999 638 2044 sphaeroideo-ellipsoideae,
671 1997 842 2042 hyalinae,
873 1996 1100 2039 eguttulatae‚
1132 1995 1254 2038 longit.
1286 1991 1391 2028 5—ss
1414 2005 1536 2027 mmm.

62 2079 193 2113 crassit.
226 2076 248 2113 3
279 2090 398 2114 mmm.

195 2250 292 2293 Var.
323 2253 362 2307 β.
395 2254 555 2292 lactem.
614 2250 742 2293 Totus
773 2249 945 2303 lacteus.
981 2273 1024 2277 -—
1063 2246 1235 2288 Passim.

194 2353 289 2394 Var.
334 2370 373 2407 y.
416 2357 727 2403 fuscolulescens
764 2351 906 2392 Kinsv.
939 2349 1067 2402 Fung.
1101 2348 1228 2390 Fenn.
1259 2347 1408 2388 exsicc.
1443 2348 1536 2387 229.

60 2455 113 2461 —
141 2432 291 2474 Discus
322 2432 422 2486 pilei
455 2433 673 2486 stipesqve
704 2432 1006 2479 fuscesoentes,
1038 2442 1182 2482 margo
1205 2427 1304 2481 pilei
1327 2426 1537 2468 lamellae-

63 2524 136 2563 qve
165 2512 420 2554 lutescentes
450 2512 516 2554 vel
546 2511 792 2553 albicantes.
826 2534 878 2539 —
911 2509 956 2549 In
987 2507 1187 2549 Mustiala
1218 2521 1243 2547 a
1273 2506 1392 2548 nobis
1415 2506 1536 2547 visus.

193 2648 231 2688 3.
291 2648 336 2688 C.
367 2647 676 2688 umbonatus
706 2645 821 2685 Pms.
854 2644 969 2696 Disp.
1002 2657 1043 2696 p.
1066 2645 1130 2684 26.

193 2726 333 2768 Pileus
365 2740 579 2776 carnosus,
607 2724 757 2775 tenuis,
789 2738 810 2764 e
839 2722 1170 2776 convexo-plano
1194 2721 1427 2775 depressus,
1451 2733 1537 2759 um-

62 2802 251 2856 bonatus,
282 2806 547 2855 flocculosus,
580 2805 770 2845 cinereus
802 2803 864 2845 vel
895 2802 1117 2856 nigricanti
1149 2801 1349 2841 cinereus.
1395 2799 1534 2850 Stipes

1368 2886 1404 2915 15
