1784 3177
343 158 422 198 252

279 284 470 326 deorsum
514 286 781 334 incrassatus,
826 285 1033 335 centralis,
1079 286 1293 327 velutinus.
1353 288 1450 329 Pori
1480 289 1638 339 minuti,
1670 304 1741 331 an-

277 363 419 416 gulati,
451 363 573 411 acuti,
604 363 738 415 primo
770 363 1068 414 albo-irrorati,
1101 365 1195 406 dein
1224 365 1324 406 nudi
1354 366 1493 407 laceri.

409 449 491 492 Syn.
549 447 696 481 Boletus
731 450 901 493 perennis
943 451 1046 483 LINN.
1077 451 1169 484 Flor.
1201 462 1292 484 sveo.
1324 463 1358 496 p.
1392 450 1482 485 451.
1542 452 1741 497 Polyporus

270 526 440 569 perennis
484 527 544 560 Fa.
588 527 704 571 Fpior.
750 528 842 572 Syst.
886 540 919 572 p.
965 526 1044 562 434
1081 532 1117 562 et>
1145 529 1248 573 Hym.
1279 539 1351 564 eur.
1382 542 1415 575 p.
1450 528 1541 564 531.
1600 532 1737 565 KARST.

275 603 380 647 Sydv.
410 604 500 638 Fini.
530 605 653 649 Polyp.
684 616 718 649 p.
743 602 807 639 21.
1115 584 1124 590 ’

407 683 541 717 Exsieo.
598 684 733 718 KARST.
764 685 875 727 Fung.
908 685 1016 719 Fenn.
1053 683 1126 719 113
1159 689 1195 719 et
1227 682 1317 720 423.

407 764 512 805 Hah.
574 766 636 806 Ad
667 769 820 807 terram
847 780 1027 807 macram
1060 781 1277 808 arenosam
1308 769 1348 808 in
1375 769 1584 818 silvaticis,
1606 770 1738 810 rarius

274 843 327 883 ad
371 846 538 884 truncos
575 844 772 885 cariosos.
832 845 912 885 Per
940 848 1073 886 totum
1102 846 1357 887 territorium
1386 861 1511 899 usqve
1540 848 1581 887 in
1611 848 1739 900 parti-

274 922 350 962 bus
391 921 630 963 borealibus
675 923 837 976 (Knas'a
880 923 1002 976 guba,
1041 924 1305 966 Rasnavolok
1334 925 1374 965 in
1406 926 1621 979 Lapponia
1651 941 1738 967 ros-

272 1000 378 1040 sica:
410 1000 528 1053 ipse).
588 1001 809 1051 Autumno,
840 1015 917 1043 nec
943 1015 1036 1043 vere
1066 1002 1282 1044 redivivus.

404 1086 522 1119 Pileus
551 1087 677 1120 coloris
707 1088 912 1121 inte-usitate
943 1088 1068 1129 varius,
1103 1086 1208 1122 3-6
1241 1100 1304 1122 cm.
1338 1089 1440 1131 latus,
1471 1090 1624 1133 margine
1664 1092 1737 1124 fim-

271 1164 395 1205 briato,
440 1164 519 1197 dein
563 1165 713 1209 integro.
773 1166 898 1199 Variat
941 1166 1026 1200 loeis
1070 1167 1201 1200 adustis
1246 1168 1358 1201 minor
1401 1166 1510 1212 (pileo
1549 1165 1734 1211 0‚5—1‚5

271 1252 336 1274 cm.
369 1241 469 1283 lato).

403 1392 510 1432 Sect.
555 1392 605 1432 ΙΙ.
666 1392 908 1445 Pleuropus.
970 1393 1106 1446 Stipes
1154 1394 1340 1435 lateralis
1372 1395 1432 1435 vel
1463 1396 1734 1436 excentricus.

270 1494 320 1497 —
352 1469 591 1523 Liguatiles.

402 1583 448 1621 A.
508 1583 647 1623 Pileus
692 1583 1037 1632 carnoso-lentus,
1070 1598 1235 1625 azonus.
1295 1585 1433 1637 Stipes
1465 1586 1734 1635 excentrious,

267 1659 359 1700 basi
390 1661 518 1714 niger.
579 1661 806 1702 Contextus
837 1661 1030 1714 pallidus.

401 1753 438 1791 5.
498 1752 540 1791 P.
575 1752 878 1805 melanopus
909 1752 1115 1805 (SwARTz.)
1145 1754 1211 1794 FR.
1244 1753 1348 1807 Syst.
1383 1769 1483 1807 mye.
1516 1754 1546 1804 I,
1577 1768 1617 1807 p.
1639 1756 1732 1795 347.

400 1829 539 1870 Pileus
571 1844 593 1871 e
623 1830 747 1883 plano
769 1831 1176 1881 infundibuliforissiis,
1198 1832 1388 1885 primitus
1409 1832 1615 1873 subtiliter
1636 1833 1733 1873 floc-

268 1908 445 1958 culosus‚
492 1923 542 1949 ex
587 1909 682 1950 albo
726 1910 1119 1952 lutescenti-fuseus.
1180 1912 1317 1964 Stipes
1347 1911 1642 1961 subvelutinus,
1673 1912 1732 1951 in-

268 2001 427 2036 curvus,
461 1988 652 2029 deorsum
689 1989 957 2038 incrassatus,
989 1989 1116 2043 niger.
1176 1990 1272 2031 Pori
1304 1990 1581 2039 decurrentes,
1612 1990 1731 2041 curti,

269 2065 424 2115 minuti,
454 2066 604 2116 obtusi,
634 2067 886 2120 inaeqvalos,
916 2067 1013 2108 albi.

401 2153 481 2196 Syn.
540 2152 684 2186 Bulotus
729 2153 934 2196 melampus
979 2154 1123 2187 SwAmz
1160 2155 1195 2187 in
1225 2155 1306 2187 Vct.
1340 2154 1406 2188 Ak.
1439 2155 1567 2188 Handl.
1626 2154 1729 2198 Poly-

261 2241 376 2273 μοὶ-με
402 2231 608 2275 Ίησῖαηοῃιιε
638 2232 700 2265 FB.
734 2232 838 2276 Epicr
867 2232 957 2276 Syst.
988 2244 1075 2277 myc.
1105 2244 1138 2276 p.
1171 2230 1262 2266 439.
1295 2236 1330 2266 et
1359 2233 1461 2277 Hym.
1484 2245 1556 2266 eur.
1579 2245 1612 2277 p.
1638 2230 1727 2265 534.

267 2307 413 2341 Bolecus
443 2309 779 2354 injmzslihnlzformis
809 2311 913 2344 Pssus.
945 2311 1026 2355 Syn.
1054 2311 1164 2354 Fung.
1195 2323 1229 2355 p.
1265 2308 1354 2345 516.

398 2388 532 2421 Exsicc.
590 2390 724 2423 KARsT.
758 2390 866 2433 Fung.
897 2390 1007 2423 Fenn.
1046 2388 1136 2424 617.

401 2468 506 2510 Hab.
566 2470 610 2509 In
656 2471 767 2512 silvis
812 2472 865 2512 ad
909 2475 1074 2522 terram,
1113 2472 1187 2512 sed
1228 2471 1437 2513 radicibus
1468 2472 1530 2513 vel
1559 2471 1728 2512 ramulis

267 2548 457 2597 adflatus,
489 2549 601 2589 cirea
629 2549 826 2592 Mustiala
855 2551 1024 2604 passim,
1055 2555 1250 2592 autumno

399 2634 518 2668 Pileus
561 2635 698 2668 demum
728 2637 859 2680 glaber,
891 2648 993 2672 carne
1023 2648 1147 2680 crassa,
1178 2638 1267 2681 alba,
1299 2637 1466 2680 molliore,
1497 2637 1587 2670 latit.
1619 2631 1663 2671 5-
1677 2633 1725 2669 -8

268 2723 332 2745 cm.
364 2713 468 2747 latus.
