1784 3177
1378 200 1468 242 '37

179 336 261 380 Syn.
322 333 502 378 Agyaricus
539 333 786 378 pessundatus
830 334 891 368 Fa.
934 335 1048 378 Epicr.
1082 335 1174 379 Sysfi.
1205 346 1238 378 p.
1272 331 1322 368 29
1354 338 1391 369 et
1419 336 1522 381 Hym.

46 427 117 450 eur.
152 427 202 461 p.'
220 413 282 449 51.
1425 460 1428 464 .

179 487 285 528 Hab.
345 487 391 526 ln
422 486 563 539 pineto
596 484 763 540 Syrjo'as
795 499 926 539 prope
956 485 1154 526 Mustiala
1186 499 1327 527 mense
1349 486 1524 528 Octobri

49 569 155 607 1870
185 579 311 619 parce
343 565 486 606 lectus.

180 653 276 686 Odor
306 656 342 685 et
372 663 476 696 sapor
506 651 637 685 farinae
667 652 829 685 recentis.
897 651 1014 695 Stipes
1045 651 1185 684 demum
1216 652 1411 695 elongatus,
1443 652 1522 685 sub-

45 734 252 767 denudatus.
290 730 405 771 ,Caro
436 732 527 765 alba.

147 818 223 868 'B.
283 826 387 867 Pilei
431 826 629 879 pellicula
674 839 897 878 numqvam
940 825 1117 874 viscosa,
1164 825 1237 866 sed
1282 824 1323 865 in
1368 825 1522 866 floccos

44 906 367 959 subsqvamosos
397 904 623 946 fibrillasve
646 904 843 945 lacerata.
905 904 1045 945 Pileus
1067 903 1417 953 carnoso-mollis,
1440 917 1521 944 non

44 986 351 1039 hygrophanus,
383 985 569 1038 margine
600 984 784 1025 involuto
814 984 1007 1036 primitus
1039 984 1366 1033 subtomentoso.
1408 983 1523 1025 Odor

45 1079 126 1105 non
157 1065 345 1118 ingratus
376 1064 439 1105 vel
470 1063 620 1104 nullus.

179 1145 220 1195 a)
251 1143 460 1184 Lamellae
500 1142 744 1183 immutatae
783 1155 860 1182 nec
891 1142 1004 1183 rufo·
1035 1142 1098 1183 vel
1129 1141 1520 1195 nigro-maculatae.

179 1257 243 1295 28.
305 1256 386 1308 Ag.
430 1254 669 1295 rutilans
709 1254 894 1294 SCHAEFF.
928 1254 1058 1305 Fung.
1090 1254 1188 1295 Bav.
1221 1253 1333 1294 Icon.
1367 1256 1394 1294 t.
1427 1255 1521 1303 219,

178 1334 317 1375 Pileus
350 1347 562 1383 carnosus,
595 1333 1137 1386 campanulato-expansus,
1165 1332 1313 1382 siccus,
1335 1336 1522 1374 tomento

43 1418 373 1468 purpurascente
419 1417 565 1454 tectus.
641 1413 779 1466 Stipes
820 1413 1037 1463 subcavus,
1069 1413 1221 1463 mollis,
1251 1412 1522 1461 ventricosus,

43 1496 227 1534 tomento
278 1497 609 1545 purpurascente
666 1492 915 1546 variegatus.
995 1492 1207 1533 Lamellae
1257 1492 1520 1536 rotundatae.

43 1572 267 1621 confertae,
300 1572 449 1621 luteae,
482 1572 571 1612 acie
599 1571 870 1620 incrassatae,
905 1571 1091 1621 villosae,
1123 1585 1287 1612 aureae.

175 1659 257 1702 Syn.
319 1656 498 1701 Δραγὶσυς
534 1658 689 1691 rutilans
724 1659 786 1692 FR.
818 1658 910 1702 Syst.
944 1669 1031 1702 myc.
1063 1659 1090 1699 Ι,
1119 1669 1152 1702 p.
1185 1655 1248 1691 41.
1280 1653 1395 1702 Epicr.
1428 1658 1518 1702 Syst.

42 1749 127 1781 myc.
159 1749 193 1781 p.
229 1735 279 1770 30
312 1741 347 1770 et
378 1737 481 1781 Hym.
515 1748 586 1770 eur.
619 1749 651 1781 p.
686 1735 748 1771 53.
808 1738 896 1771 ΑΕΒ.
928 1741 963 1770 et
994 1738 1108 1771 Scnw.
1139 1736 1268 1781 Consp.
1295 1737 1407 1780 Fung.
1430 1737 1518 1770 nisk.

41 1829 73 1861 p.
111 1815 197 1851 167.
258 1817 369 1851 CooK.
401 1818 490 1850 Brit.
522 1818 634 1860 Fung.
668 1818 694 1858 I,
726 1829 760 1861 p.
796 1814 859 1850 24.
1333 1808 1337 1810 Y

173 1897 309 1931 Exsicc.
367 1897 502 1930 KARST.
534 1896 645 1939 Fung.
676 1892 910 1929 Fenn.·802.

174 1968 281 2009 Hal).
342 1969 388 2008 In
435 1968 547 2008 silvis
594 1968 647 2008 ad
691 1973 862 2008 truncos
901 1967 963 2007 vel
1000 1967 1166 2008 radices
1202 1970 1444 2008 truncorum
1475 1968 1518 2008 in

40 2047 196 2088 Fennia
241 2050 282 2087 et
326 2045 543 2098 Lapponia
589 2045 764 2086 australi
803 2045 1114 2099 (Knas'a-guba:
1152 2046 1274 2099 ipse),
1312 2030 1519 2099 freqvens,

40 2126 252 2167 mensibus
284 2125 538 2178 Aug—Oct.

174 2211 262 2245 Caro
308 2211 412 2244 lutea.
486 2210 604 2244 Pileus
643 2208 778 2244 6—16
817 2222 881 2245 om.
912 2212 1016 2245 latus,
1076 2212 1195 2255 Stipes
1226 2212 1365 2245 circiter
1398 2209 1419 2245 6
1452 2223 1516 2246 cm.

41 2292 140 2323 altus.
213 2290 344 2334 Sporae
389 2290 867 2335 sphaeroideo-ellipsoideae
912 2290 1037 2335 (saepe
1083 2291 1243 2325 nonnihil
1279 2289 1515 2334 irregulares),

39 2370 161 2412 longit.
195 2366 300 2402 5--8
332 2381 460 2410 mmm„
491 2370 625 2403 crassit.
659 2367 763 2404 6--7
796 2382 914 2404 mmm.

173 2465 293 2517 *Ag
327 2464 638 2518 variegatus
670 2464 781 2505 Scor.
815 2465 925 2506 Flor.
959 2479 1070 2506 carn.
1104 2479 1143 2518 p.
1176 2467 1270 2506 434.

173 2541 312 2583 Pileus
344 2557 556 2592 carnosus,
590 2557 685 2584 mox
716 2544 977 2597 explanatus,
1007 2545 1160 2594 siccus,
1179 2544 1321 2586 floccis
1343 2544 1515 2586 rubellis

39 2622 340 2673 sqvamulosus.
402 2623 540 2675 Stipes
572 2623 742 2673 farctus,
775 2627 914 2673 tenax,
946 2623 1088 2666 floccis
1119 2624 1292 2665 rubellis
1325 2637 1515 2676 sqvamu-

39 2699 164 2740 losus.
226 2700 435 2742 Lamellae
474 2703 772 2756 emarginatae,
813 2702 1039 2751 confertae,
1070 2702 1516 2756 flavescenti-pallidae

40 2780 103 2822 vel
134 2780 312 2831 albidae,
346 2781 435 2822 acie
467 2781 642 2833 aeqvali,
673 2780 954 2835 integerrima,
987 2781 1212 2823 concolori.
