1784 3177
333 216 358 254 4

410 340 482 381 IV.
521 339 818 380 ENTYLoMA
849 340 909 379 DE
939 340 984 380 B.
1014 340 1053 380 in
1085 341 1176 381 Bot.
1208 341 1310 382 Zeit.
1348 343 1452 383 1874
1482 355 1550 394 pp.
1574 344 1734 384 81-—92

278 433 316 459 u.
350 420 553 468 97—108,
585 422 613 457 t.
645 418 698 458 II.

410 496 566 549 Sporae
606 496 827 549 simplices,
866 497 975 537 inter
1012 496 1183 537 cellulas
1223 496 1458 550 plantarum
1489 498 1735 548 nidulantes,

275 576 433 628 absque
464 576 607 616 ordine
638 590 822 629 sparsae,
854 576 1032 616 seriatae
1063 576 1123 617 vel
1156 576 1555 629 conglomerationes
1591 577 1736 617 sisten-

274 659 350 704 tes,
389 669 469 696 non
508 655 791 708 pulveraceae‚
833 654 1086 708 epidermide
1131 669 1294 709 semper
1336 659 1483 697 tectae.
1544 656 1737 708 Sporidia

275 735 575 787 praecedentis.

651 863 785 907 Fam.
823 862 890 906 11.
961 861 1355 906 UREDINEAE.

406 958 579 1012 Hyphae
618 958 779 1012 mycelii
820 957 970 1011 sept-ati
1008 958 1342 1012 parenchymatis
1379 940 1599 1011 hospitalis
1627 972 1735 999 mea-

273 1041 339 1077 tus
369 1037 696 1078 intercellulares
728 1041 996 1090 occupantes3
1027 1037 1189 1091 hyphae
1220 1037 1447 1090 sporiferae
1478 1038 1553 1078 sub
1576 1038 1734 1091 epider-

273 1116 382 1156 mide
418 1129 564 1169 speras
603 1119 852 1157 exserentes.
914 1115 1070 1169 Sporae
1103 1116 1221 1169 vulgo
1254 1115 1430 1168 duplicis
1461 1119 1532 1156 aut
1558 1116 1734 1169 triplicis

272 1194 453 1249 generis:
500 1198 738 1244 aecidmeae,
784 1194 904 1248 vulgo
949 1194 1148 1244 vernales,
1189 1194 1298 1235 intra
1337 1195 1497 1247 peridia
1533 1196 1733 1246 evolutae,

272 1277 495 1324 uredineae,
528 1273 747 1314 aestivales
779 1273 1069 1327 (stylosporae,
1102 1273 1283 1325 conidia)
1315 1277 1355 1314 et
1379 1278 1620 1325 puccz'm‘eae,
1650 1275 1734 1315 hie-

270 1351 399 1392 males
430 1351 786 1404 (teleutosporae).
846 1351 1169 1404 Teleutosporae
1199 1352 1507 1405 promycelium‚
1536 1353 1731 1406 sporidia,

269 1430 580 1484 sterigmatibus
611 1429 791 1480 suffulta,
824 1443 963 1483 agens,
994 1431 1264 1484 germinando
1286 1435 1564 1484 procreantes.
1612 1432 1733 1484 Sper-

272 1509 465 1562 mogonia
495 1513 605 1550 nota.

404 1645 578 1685 Subfam.
610 1646 642 1683 1.
700 1645 1112 1683 PHRAGMIDIEAE.

402 1721 711 1775 Spermogoniis
743 1721 1002 1774 Aecidiisqve
1033 1722 1271 1774 plerumqve
1303 1723 1527 1775 praeditae.
1587 1723 1729 1764 Teleu-

267 1803 462 1853 tosporae
508 1803 579 1840 aut
618 1799 836 1848 discretae,
877 1799 1032 1841 liberae
1074 1804 1145 1841 aut
1185 1801 1224 1840 in
1265 1804 1420 1841 stroma
1451 1801 1725 1854 gelatinosum

267 1878 588 1932 conglutinatae.
649 1879 950 1933 Promycelium
982 1879 1358 1933 sterigmatapluria
1389 1880 1526 1934 (vulgo
1556 1880 1613 1932 4),
1646 1881 1726 1920 sin-

268 1957 363 2010 gula
395 1957 619 2009 sporidium
653 1957 815 1998 unicum
850 1957 1027 2011 agentia,
1060 1972 1217 2011 gerens.

973 2095 1018 2131 A.

397 2182 589 2234 Sporidia
640 2181 773 2223 ovalia
822 2182 882 2222 vel
933 2182 1183 2230 reniformizt,
1233 2182 1562 2234 protoplasmate
1611 2182 1721 2221 inco-

263 2259 350 2299 lore
382 2259 479 2300 feta.

395 2382 440 2422 V.
488 2381 780 2422 UROMYCES
811 2382 955 2436 (Lm)
984 2382 1079 2422 [Ἑν.
1111 2383 1153 2421 in
1185 2384 1286 2422 Ann.
1321 2396 1375 2423 sc.
1406 2385 1476 2423 nat
1507 2382 1584 2423 ser.
1616 2384 1653 2432 3,
1689 2385 1719 2422 t.

259 2459 368 2508 VIII,
401 2474 439 2512 p.
472 2462 564 2499 370.

390 2536 712 2589 Teleutosporae
730 2539 953 2591 simplices,
970 2538 1256 2591 pedicellatae‚
1270 2539 1479 2592 episporio
1496 2539 1712 2579 infuscata

390 2669 456 2709 Vl.
503 2669 757 2710 PUCCINIA
790 2672 905 2711 Pla-Rs.
939 2671 1020 2725 Syn
1052 2672 1179 2724 Fung.
1211 2686 1250 2724 p.
1283 2674 1375 2713 225.

386 2747 708 2801 Teleutosporae
726 2749 997 2802 uniseptatae,
1017 2750 1220 2791 discretae
1243 2765 1272 2791 sv
1292 2765 1335 2791 se
1357 2751 1526 2791 invicem
1546 2750 1714 2791 liberae.
