1784 3177
252 204 304 244 58

333 335 467 370 Exsicc.
527 334 660 366 KARs'r.
691 332 799 374 Fung.
830 331 940 364 Fenn.
978 327 1064 363 198.

332 406 439 447 Hab.
497 405 543 444 In
573 403 726 457 pagina
756 403 916 455 postica
948 402 1143 442 foliorum
1166 403 1206 440 et
1227 399 1415 440 caulibus
1438 403 1531 440 Lede‘
1547 403 1660 450 palu-

200 491 290 527 stris
327 486 370 525 in
403 483 562 525 Fennia
601 486 642 523 et
680 495 810 535 prope
847 481 1045 533 oppidum
1075 478 1328 531 Lapponiae,
1373 477 1493 527 Kolzz,
1526 477 1661 518 medio

203 564 354 605 mensis
384 562 484 603 Julii
511 564 690 614 reperta.

335 649 449 693 Hujus
493 648 612 692 stirpis
652 647 741 680 forte
787 652 924 688 qvoqve
963 647 1017 677 est
1061 641 1174 676 Uredo
1213 642 1373 684 Empetri
1410 643 1463 675 DE
1493 641 1530 674 O.
1569 642 1662 674 Flor.

203 719 327 752 Franc.
367 728 400 761 p.
441 713 503 758 87,
534 715 569 747 in
599 713 733 747 Fennia
763 713 917 746 nondum
947 712 1039 744 lecta
1069 711 1128 744 sed
1160 711 1280 754 procul
1310 710 1417 742 dubio
1448 709 1663 753 reperienda.

602 851 692 891 XII.
751 849 1112 890 THECOPSORA
1143 847 1271 887 MAGN.

346 948 380 985 l.
439 944 519 983 Th.
552 941 796 982 areolata
826 940 933 989 (Fa.)
964 938 1092 978 Mffix.
1124 937 1166 977 in
1197 938 1337 978 Hedw.
1373 938 1490 985 1875,
1513 950 1551 988 p.
1579 938 1668 977 123.

341 1023 392 1064 II.
452 1022 545 1063 Scri
567 1019 753 1060 maculae
775 1017 1105 1071 purpurascenti,
1129 1029 1253 1069 saepe
1275 1015 1395 1056 lineis
1417 1015 1541 1055 rectis
1563 1017 1672 1066 (ner-

208 1104 269 1145 vis
307 1101 511 1150 matricis)
551 1098 720 1148 definiti,
763 1096 989 1151 aggregati,
1029 1095 1247 1150 hypogeni,
1278 1094 1386 1143 flavi,
1417 1094 1673 1147 pseudospo·

210 1180 354 1234 rangio
389 1178 675 1232 irregulariter
711 1180 834 1229 rupto
875 1179 916 1216 et
952 1175 1104 1215 lacero.
1165 1173 1433 1226 Stylosporae
1464 1171 1676 1224 sphaeroi-

212 1260 314 1301 deae
346 1258 409 1299 vel
439 1256 721 1309 ellipsoideae,
754 1254 874 1307 vulgo
897 1253 1130 1306 angulatae,
1152 1251 1295 1305 longit.
1319 1251 1430 1291 circa
1454 1252 1503 1292 18
1526 1265 1676 1300 mmm,

213 1338 374 1379 crassit.
406 1336 573 1377 circiter
606 1337 653 1375 12
687 1349 821 1373 mmm.
855 1337 926 1373 aut
957 1332 1079 1373 diam.
1112 1332 1271 1372 15—16
1304 1344 1440 1369 mmm.

346 1416 419 1456 m.
480 1414 572 1455 Scri
604 1411 848 1466 epidermidi
884 1411 1027 1451 innati.
1087 1409 1410 1461 'seleutosporae
1440 1407 1709 1448 intracellu--

216 1496 338 1545 lares,
369 1492 726 1547 longitudinaliter
757 1491 923 1531 divisae.

350 1582 431 1625 Syn.
462 1577 508 1613 H.
575 1577 688 1611 Uredo
727 1577 826 1610 Padi
864 1577 979 1610 Kuxz.
1021 1578 1056 1608 et
1094 1572 1377 1608 S(·11M.'Exsice.
1423 1570 1510 1606 187.
1568 1572 1678 1605 Coox.

216 1650 305 1683 Brit.
336 1649 446 1690 Fung.
476 1644 522 1686 ΙΙ,
554 1658 588 1690 p.
623 1642 713 1678 527.
781 1642 839 1676 Ur.
866 1642 1175 1687 porphyrogenetcz
1208 1642 1309 1674 LINK.
1340 1641 1440 1684 Spcc.
1467 1640 1513 1684 pl.
1534 1650 1612 1683 gen.
1633 1635 1679 1679 II,

218 1729 251 1761 p.
282 1714 344 1749 31.
403 1714 607 1757 Ascospora
631 1711 880 1756 pulverulenta
910 1712 1027 1744 ROESS.

352 1779 417 1815 ΠΙ.
476 1781 721 1824 Melampsora
763 1779 926 1811 areolam
965 1779 1024 1811 FR.
1063 1778 1193 1810 Summ.
1234 1776 1322 1818 Veg.
1361 1775 1487 1808 Soand.
1526 1785 1558 1817 p.
1591 1769 1681 1807 482.

221 1849 274 1884 M.
306 1849 406 1882 Padi
435 1849 546 1883 Oooa.
576 1848 663 1882 Brit.
694 1848 806 1889 Fung.
838 1843 884 1887 H,
915 1857 948 1889 p.
984 1841 1073 1878 523.
1135 1844 1244 1877 ΟΤΤΗ.
1266 1844 1301 1876 in
1324 1842 1467 1876 Wartm.
1488 1844 1524 1874 et
1544 1840 1682 1875 Schcnk

223 1914 335 1950 Schw.
368 1917 534 1960 Cryptog.

355 1985 489 2018 Exsicc.
548 1995 579 2016 v,
618 1983 735 2016 Turn.
772 1982 882 2024 Fung.
913 1983 1019 2013 austr.
1056 1976 1129 2012 105
1163 1977 1247 2021 (ΙΙ),
1280 1973 1358 2010 226
1389 1973 1490 2019 (ΙΙΙ).
1547 1976 1682 2008 KARs'r.

225 2053 335 2095 Fung.
366 2052 475 2084 Fenn.
511 2048 598 2083 100.

358 2122 464 2162 Hab.
524 2121 570 2161 In
610 2120 720 2160 foliis
761 2123 880 2158 Przcm'
914 2122 1012 2168 padi
1049 2115 1331 2170 vulgatissima
1360 2114 1401 2154 in
1431 2113 1587 2154 Fennia
1617 2126 1687 2153 au-

227 2201 344 2240 strali
375 2213 561 2249 nascens,
593 2202 752 2239 aestate
783 2201 824 2237 et
854 2199 1063 2237 autumno.

361 2348 398 2386 2.
457 2345 555 2385 Thf?
588 2342 945 2384 Vacciniorum
978 2338 1152 2392 (Wnsr.)
1183 2338 1327 2378 KAnsT.

363 2423 414 2463 ΙΙ.
474 2422 566 2463 Sori
596 2420 848 2475 hypophylli,
880 2417 1068 2458 maculae
1089 2414 1473 2467 flaventi-pallidae,
1497 2412 1591 2453 dein
1612 2412 1691 2452 fer-

229 2501 510 2556 ruginascenti
551 2500 613 2540 vel
653 2498 874 2539 subfuscae
910 2495 1150 2547 insidentes,
1190 2492 1366 2534 solitarii
1403 2491 1466 2532 vel
1495 2491 1588 2543 plus
1621 2489 1692 2529 mi-

229 2595 307 2622 nus
346 2578 573 2633 aggregati,
611 2575 996 2630 pseudosporangio
1036 2575 1086 2625 (s.
1126 2570 1380 2625 epidermide
1411 2568 1602 2623 mutato),
1632 2568 1692 2607 in-

232 2657 598 2711 nato-prominulo‚
638 2656 802 2696 denium
841 2667 943 2707 poro
983 2653 1140 2692 minuto
1179 2654 1361 2703 pertuso,
1392 2646 1693 2688 flavido-ferru-

234 2739 472 2795 ginascente
516 2735 629 2786 tecti,
674 2733 830 2774 minuti.
891 2732 1159 2787 Stylosporae
1205 2726 1583 2781 subsphaeroideae
1633 2723 1695 2765 vel
