1784 3177
351 234 428 273 100

294 358 428 410 Stipes
458 355 623 403 solidus,
656 355 903 401 attenuatus,
935 350 1212 392 subbulbosus
1242 348 1436 400 volvaqve
1466 347 1563 388 laxa
1592 346 1739 388 villosi.

292 434 496 475 Lamellae
525 433 691 481 liberae,
723 445 909 472 carneae.

420 521 499 562 Syn.
547 515 724 560 Ayaricus
753 517 926 560 speciosus
956 517 1015 549 FR.
1046 515 1160 558 Epier.
1191 515 1280 558 Syst.
1312 524 1397 557 mye.
1425 524 1458 556 p.
1487 509 1558 545 139
1581 515 1617 545 et
1637 512 1738 556 Hym.

290 612 358 633 eur.
388 611 420 643 p.
455 595 542 631 183.

418 681 522 721 Hab.
581 679 626 719 In
655 678 803 718 fimetis
834 676 942 729 apud
973 689 1046 716 nos
1081 676 1279 715 hactenus
1310 677 1468 714 tantum
1498 673 1539 712 in
1569 673 1737 727 regione

286 748 478 806 Kbo'ensi,
511 757 759 798 Merimasku
803 759 842 796 et
872 755 922 795 ad
953 753 1157 800 Mustiala,
1190 755 1396 799 autumno,
1428 751 1561 791 rarius
1591 751 1736 795 lectus.

416 844 531 876 Pileus
571 842 852 881 subumbonatus,
886 835 1017 871 8—12
1059 849 1121 871 em.
1158 838 1258 870 latus.
1318 837 1434 880 Stipes
1476 832 1633 869 10—20
1672 848 1734 870 cm.

285 923 416 964 longus.
474 922 603 964 Sporae
641 918 863 961 ellipsoideae
893 918 947 949 vel
969 916 1447 959 sphaeroidoo-ellipsoideae,
1479 915 1605 957 laeves,
1636 927 1735 958 regu-

284 1001 381 1038 lares,
413 999 520 1031 dilute
549 998 656 1030 flavae
686 1007 712 1029 s.
744 996 976 1028 fuseescentes
1006 993 1085 1035 (sub
1116 992 1237 1033 lente),
1268 994 1390 1036 longit.
1427 990 1734 1037 12—181nn11n.,

284 1077 413 1110 crassit.
446 1073 590 1109 8—10.
649 1075 789 1108 Basidia
819 1073 1040 1113 elaviformia,
1071 1073 1270 1115 majuscula.

665 1222 840 1275 Subgen.
871 1221 942 1260 XI.
1003 1220 1244 1261 PLUTEUS
1276 1222 1342 1261 Fa.

418 1303 505 1342 162.
565 1302 645 1353 Ag.
678 1300 914 1340 cervinus
947 1299 1125 1339 SCHAEFF.
1157 1299 1284 1351 Fung.
1317 1299 1428 1340 leon.
1460 1303 1487 1340 t.
1523 1302 1585 1341 10.

411 1379 547 1419 Pileus
591 1392 798 1428 carnosus,
846 1392 866 1418 e
912 1378 1200 1430 eampanulato
1240 1391 1459 1430 expansus,
1491 1378 1732 1432 laevigatus,

281 1457 435 1511 glaber,
482 1457 575 1497 dein
618 1456 659 1495 in
702 1455 876 1496 fibi-illas
919 1457 982 1497 vel
1026 1456 1264 1508 squamulas
1305 1457 1516 1506 secedens,
1549 1459 1732 1512 margine

278 1535 399 1582 nudo,
430 1535 667 1586 plerumqve
696 1534 928 1587 fuligineus,
961 1534 1184 1586 expallens.
1247 1534 1384 1587 Stipes
1409 1536 1578 1586 solidus,
1595 1537 1731 1590 nigro-

277 1611 511 1651 fibrillosus.
571 1611 777 1651 Lamellae
808 1611 976 1659 liberae,
1009 1625 1059 1651 ex
1090 1611 1184 1651 albo
1216 1626 1402 1653 carneae.

407 1698 486 1740 Syn.
543 1695 720 1739 Ayaricus
749 1697 905 1729 cervinus
935 1697 996 1729 Fu.
1030 1697 1144 1740 Epicr.
1176 1698 1266 1740 Syst.
1297 1709 1382 1741 myc.
1405 1710 1438 1741 p.
1467 1697 1553 1740 140,
1571 1704 1606 1733 et
1626 1701 1727 1745 Hym.

275 1786 344 1808 eur.
383 1787 415 1818 p.
461 1772 545 1808 185.
604 1775 713 1808 ΟΟΟΚ.
749 1776 834 1808 Brit.
865 1776 973 1817 Fung.
1002 1776 1028 1815 I,
1060 1787 1092 1818 p.
1126 1773 1186 1808 87.
1244 1776 1310 1819 Ag.
1354 1778 1498 1811 Pluteus
1541 1779 1597 1813 Fr.
1635 1780 1726 1824 Syst.

275 1864 361 1896 mye.
390 1854 417 1894 I,
449 1864 482 1895 p.
521 1849 606 1885 199.

404 1931 536 1963 Exsiee.
595 1931 727 1963 KARs'r.
760 1931 870 1972 Fung.
902 1931 1010 1963 Fenn.
1046 1927 1136 1963 215.

401 2012 505 2052 Hab.
564 2013 626 2052 Ad
655 2016 822 2052 truncos
853 2013 1040 2065 putridos
1072 2027 1145 2065 per
1176 2017 1305 2054 totam
1329 2016 1524 2058 Fenniam
1551 2023 1592 2060 et
1616 2020 1722 2073 Lap-

272 2089 435 2141 poniam
464 2089 668 2140 frequens,
700 2093 855 2130 aestate
886 2094 925 2130 et
956 2094 1163 2131 autumno.

402 2174 517 2206 Pileus
546 2174 718 2206 interdum
747 2174 1025 2217 fuseoluteseeus,
1060 2174 1189 2209 7ῄ13
1224 2189 1286 2211 cm.
1317 2179 1418 2213 latus.
1463 2182 1578 2225 Stipes
1609 2184 1717 2226 albuS,

272 2252 432 2295 aeqvalis,
462 2252 587 2291 firmus,
617 2253 753 2285 circiter
784 2250 804 2285 8
837 2264 899 2286 cm.
930 2255 1029 2286 altus.
1079 2255 1208 2298 Sporae
1239 2257 1715 2304 sphaeroideo-ellipsoideae,

272 2338 382 2369 aeves,
427 2328 764 2372 chlorino-hyalinae‚
809 2331 929 2373 longit.
977 2329 1081 2364 7—8
1121 2345 1246 2375 mmm„
1285 2337 1418 2369 erassit.
1459 2334 1564 2372 5—6
1596 2351 1712 2373 mmm.

399 2442 419 2464 ss
452 2443 529 2494 Ag.
562 2441 822 2483 umbrosus
850 2444 965 2484 Psssss.
998 2445 1091 2499 Syn.
1124 2447 1250 2502 Fung.
1282 2464 1322 2502 p.
1354 2452 1445 2492 358.

399 2517 532 2558 Pileus
577 2532 782 2570 carnosus,
814 2535 834 2561 e
867 2525 1395 2579 campanulato-expansus,
1426 2530 1711 2573 laounoso-ru-

256 2609 399 2647 >gosus,
432 2595 616 2646 primitus
647 2596 823 2647 villosus,
855 2600 1078 2651 umbrinus,
1110 2605 1293 2658 margine
1326 2607 1707 2652 eiliato-fimbriato.

265 2672 400 2722 Stipes
431 2672 597 2721 solidus,
628 2674 1040 2729 villoso-sqvamosus.
1091 2681 1297 2724 Lamellae
1328 2685 1496 2737 liberae,
1529 2689 1616 2730 acie
1646 2691 1708 2730 fu-

263 2748 673 2799 ligineo-fimbriatae.
1192 2757 1199 2765 ’
