1784 3177
277 170 358 211 328

358 304 440 348 Syn.
501 302 678 338 Clavarz'a
722 307 955 351 amethystina
1001 310 1106 343 PERS.
1149 310 1232 354 Syn.
1276 310 1387 354 Fung.
1430 308 1561 356 p.286.
1620 314 1682 347 Fa.

225 383 315 426 Syst.
347 394 433 426 mye.
464 384 492 424 Ι,
523 395 556 428 p.
589 381 679 426 472,
709 386 825 429 Epicr.
856 387 947 432 Syst.
978 400 1011 432 p.
1044 386 1117 421 571
1154 392 1190 422 et
1218 389 1320 434 Hym.
1350 401 1421 424 eur.
1452 401 1485 434 p.
1518 387 1609 423 667.

356 462 490 494 Exsiec.
551 463 684 497 KARST.
715 465 827 508 Fung.
860 466 971 500 Fenn.
1004 464 1096 500 436.

358 542 464 583 Hab.
524 544 571 584 In
601 545 732 597 pratis
763 549 804 587 et
833 546 996 588 erieetis
1027 547 1068 587 in
1099 548 1256 589 Fennia
1296 549 1556 591 meridionali
1591 564 1686 603 pas-

225 621 314 670 sim,
346 636 379 662 v.
412 636 445 662 e.
478 622 687 674 Mustiala,
719 624 984 679 Merimasku,
1014 627 1208 667 Runsala.
1268 627 1480 670 Mensibus
1509 629 1612 683 Aug.
1645 632 1687 670 et

225 700 337 752 Sept.

355 787 555 829 Esefflenta,
589 786 692 821 3—7
727 801 790 823 em.
821 791 902 823 alta.
963 791 1085 824 Van-iat
1116 794 1190 824 tota
1219 792 1309 824 alba.

357 904 394 942 4.
455 901 520 942 Cl.
554 902 832 956 fastigiata
863 905 967 944 Lim.
1000 905 1107 946 Flor.
1139 920 1243 946 svec.
1276 921 1314 947 n.
1349 909 1467 948 1269.

356 980 588 1031 Tenacella,
610 982 857 1035 caespitosa‚
881 983 1174 1034 ramosissima‚
1198 985 1394 1038 aeqvalis,
1413 986 1536 1027 lutea.
1567 985 1681 1026 Rami

222 1059 381 1108 breves,
413 1060 640 1109 divaricasti,
672 1061 842 1102 ramulis
873 1062 1107 1116 fastigiatis.

356 1145 438 1189 Syn.
499 1141 670 1179 Clazraria
705 1148 900 1192 fasliyiaca
931 1149 1040 1182 Bam..
1085 1149 1176 1182 Hist.
1207 1150 1349 1193 Champ.
1380 1150 1504 1184 Franc.
1537 1155 1560 1185 t.
1593 1147 1682 1193 358,

223 1223 245 1255 f.
292 1224 332 1264 D,
363 1225 403 1257 E.
460 1225 522 1258 FR.
566 1226 681 1269 Epicr.
726 1227 817 1270 Syst.
863 1238 962 1271 myth,
1006 1239 1039 1271 p.
1086 1224 1158 1259 571
1207 1231 1243 1261 et
1285 1228 1388 1272 Hym.
1426 1240 1496 1264 eur.
1527 1242 1557 1274 p.
1590 1224 1680 1264 667.

222 1302 315 1336 Flor.
346 1303 423 1336 dan.
455 1306 479 1336 t.
514 1301 603 1345 836,
633 1304 655 1336 f.
691 1301 725 1338 2.

357 1384 464 1425 Hah.
525 1385 570 1425 In
602 1386 732 1438 pratis
764 1389 805 1427 et
835 1387 946 1428 silvis
978 1388 1188 1428 mensibus
1220 1389 1321 1442 Aug.
1354 1392 1394 1429 et
1425 1390 1538 1442 Sept.
1574 1389 1681 1431 Hac-

225 1466 343 1503 tenus
373 1463 414 1503 in
446 1463 602 1504 Feunia
631 1465 797 1506 inventa
827 1480 956 1519 prope
989 1466 1249 1520 Helsingfors
1279 1467 1360 1520 (W.
1393 1467 1617 1521 Nylander)
1645 1472 1685 1509 et

227 1542 420 1583 Mustiala
451 1543 586 1595 (ipse).

358 1629 483 1662 Variat
526 1630 682 1674 apicibus
720 1630 818 1664 flavis
848 1634 883 1664 et
913 1631 1027 1665 fuscis.
1086 1631 1217 1676 Spei-ae
1248 1632 1572 1677 subs-phaeroideae,
1602 1633 1685 1666 irre-

225 1708 374 1750 gulares,
405 1709 508 1742 diam.
543 1706 564 1742 6
596 1720 712 1742 mmm.

358 1824 395 1863 5.
456 1823 513 1863 Ul.
549 1824 839 1865 museoides
870 1824 976 1865 Lm.
1010 1825 1118 1866 Flor.
1151 1840 1255 1867 svee.
1286 1841 1325 1868 n.
1362 1828 1479 1867 1270.

358 1902 590 1952 Tenacella,
621 1903 913 1956 gracilescens,
950 1904 1073 1958 lutea,
1105 1904 1169 1946 bis
1201 1908 1312 1947 terve
1343 1905 1516 1956 furcata,
1547 1906 1687 1959 stipite

228 1981 353 2021 tenui.
414 1981 576 2022 Ramuli
607 1981 750 2031 lunati,
783 1982 907 2022 acuti.

359 2069 441 2111 Syn.
502 2063 675 2100 Clazvaria
704 2067 896 2101 meescoides
927 2069 1018 2101 Flor.
1050 2069 1128 2102 dan.
1160 2072 1184 2102 t.
1218 2066 1307 2111 775,
1339 2069 1360 2102 f.
1395 2066 1429 2102 2.
1490 2071 1550 2103 FR.
1572 2071 1688 2115 Epicr.

228 2147 318 2189 ὅςεί.
349 2157 381 2188 p.
415 2144 488 2178 571
524 2153 561 2179 et
588 2146 692 2190 Hym.
724 2157 795 2179 eur.
826 2158 858 2190 p.
893 2144 982 2180 667.

361 2216 466 2256 Hab.
525 2217 571 2257 In
602 2218 733 2270 pratis
764 2220 805 2259 et
834 2217 946 2259 silvis
976 2231 1107 2271 prope
1136 2218 1332 2260 Mustiala
1362 2222 1558 2262 autumno
1583 2223 1687 2262 1866

229 2294 459 2336 observata.

361 2417 406 2469 b)
439 2418 567 2459 Albae
599 2419 661 2459 vel
691 2420 864 2473 griseae.
897 2444 950 2449 —
977 2420 1222 2461 Terrestres.

364 2500 399 2538 6.
461 2497 526 2537 Cl.
574 2498 777 2539 cinerea
807 2499 927 2539 Βυω..
960 2499 1129 2551 Champ.
1162 2499 1307 2540 Frane.
1340 2513 1378 2552 p.
1410 2502 1504 2549 204,
1534 2503 1562 2541 t.
1595 2502 1687 2542 354.

364 2576 552 2629 Fragilis‚
582 2576 726 2625 farcta,
761 2578 1034 2618 cinei-ascens.
1094 2578 1278 2619 Truncus
1309 2578 1566 2628 subcrassus,
1597 2578 1690 2619 bre-

231 2654 303 2702 vis,
336 2653 652 2694 famosissimus.
712 2656 830 2696 Rumi
850 2656 1078 2709 ramuliqve
1100 2657 1331 2707 incrassati,
1355 2656 1576 2707 difformes,
1594 2657 1688 2698 sub-

231 2733 383 2786 rugosi,
415 2732 699 2775 obtusiusculi.
