1784 3177
368 345 459 386 XII.
508 346 867 389 THECOPSORA
899 350 1022 391 MACN.
1054 352 1097 391 in
1127 351 1267 393 Hedw.
1302 354 1417 405 1875,
1452 367 1490 405 p.
1526 355 1614 394 123.

368 424 690 479 Teleutosporae
734 427 1076 480 intracellulares,
1126 430 1480 485 longitudinaliter
1528 432 1694 474 divisae.

236 503 413 544 Caetera
442 502 593 556 prioris
623 505 797 559 generis.

367 604 478 645 XIII.
512 605 990 649 MELAMPSORELLA
1013 609 1198 651 Scussom.
1216 610 1259 651 in
1275 611 1414 653 Hedw.
1436 614 1553 662 1874,
1571 627 1610 665 p.
1629 614 1693 654 85.

366 683 690 738 Teleutosporae
706 686 1050 739 intracellulareS,
1069 688 1291 742 simplices,
1312 690 1492 731 breviter
1513 691 1695 744 ellipsoi-

235 761 349 812 deae,
382 762 605 816 simplices,
637 778 658 806 e
687 769 830 807 mutua
859 767 1073 819 pressione
1105 768 1338 822 angulatae,
1369 769 1411 809 in
1433 773 1606 810 stratum
1628 769 1693 810 fir-

234 840 478 881 miusculum
499 841 667 895 planum
690 848 803 885 arcte
825 845 1014 896 coalitae,
1037 847 1246 900 episporio
1267 848 1445 900 hyalino,
1463 849 1694 901 protoplas-

233 923 341 960 mate
371 919 618 963 flavescente
647 922 887 974 instructae,
918 925 960 965 in
995 925 1139 978 planta
1169 926 1335 980 hospita
1365 927 1453 968 viva
1483 941 1695 981 promyce-

230 997 343 1048 lium,
376 1000 560 1052 sporidia
591 1002 878 1054 sphaeroidea,
909 1004 1077 1057 hyalina
1107 1019 1246 1058 agens,
1279 1006 1546 1059 explicantes.
1607 1007 1696 1060 Sty-

231 1076 423 1130 losporae
453 1079 495 1118 in
525 1081 846 1134 pseudoperidio
878 1086 1112 1136 generat-ae.

363 1180 472 1221 XIV.
520 1181 879 1224 CRONARTIUM
907 1184 977 1225 FR.
1008 1184 1107 1225 Obs.
1140 1199 1241 1239 myc.
1275 1185 1303 1234 I,
1333 1200 1372 1238 p.
1405 1187 1496 1226 220.

361 1260 685 1314 Teleutosporae
720 1263 943 1316 simplices,
976 1263 1237 1318 oblongatae,
1268 1266 1309 1304 in
1337 1265 1595 1306 columellam
1627 1279 1692 1319 cy—

228 1338 710 1394 lindraceo-elongatam,
751 1355 772 1382 e
812 1342 946 1383 medio
983 1343 1369 1397 pseudosporangio
1404 1344 1597 1386 Uredinis
1628 1359 1691 1386 as-

229 1420 464 1470 surgentem
503 1432 554 1459 ex
585 1419 694 1460 omni
725 1423 843 1473 parte
875 1421 1105 1462 arctissime
1138 1423 1327 1472 coalitae,
1359 1423 1398 1463 in
1431 1424 1574 1476 planta
1605 1424 1691 1465 viva

229 1496 307 1536 rite
337 1496 537 1537 evolutae.
599 1497 865 1552 Stylosporae
896 1499 1119 1541 brunneae.
1181 1500 1374 1554 Sporidia
1404 1501 1556 1542 albida.

361 1601 534 1639 Subfam.
566 1603 641 1640 111.
702 1602 999 1652 Goleosporeae.

357 1677 680 1731 Teleutosporae
719 1684 933 1730 cuneatae,
974 1695 1005 1722 s.
1035 1681 1546 1737 obovoideo-oblongatae‚
1577 1684 1688 1725 locu-

224 1756 274 1796 lis
314 1756 486 1810 singulis
526 1758 722 1812 sterigma
760 1759 1043 1813 pmelongum,
1076 1761 1302 1813 sporidium
1332 1763 1496 1803 unicum
1527 1778 1686 1817 gerens,

223 1834 574 1886 protrudentibus,
628 1836 668 1875 in
715 1840 889 1877 stratum
936 1838 1221 1879 aurantiacum
1271 1840 1332 1880 vel
1371 1839 1521 1882 flavum
1574 1844 1686 1882 arcte

224 1913 401 1955 coalitae
426 1914 596 1967 jamque
626 1914 668 1954 in
698 1915 842 1968 planta
872 1916 961 1958 viva
990 1917 1069 1958 rite
1099 1918 1299 1959 evolutae.

358 2015 444 2056 XV.
492 2016 915 2059 COLEOSPORIUM
945 2018 1042 2059 Lissjv.
1074 2019 1115 2059 in
1147 2021 1250 2061 Ann.
1282 2034 1337 2061 sc.
1370 2026 1452 2062 nat.
1485 2021 1563 2062 ser.
1595 2022 1632 2072 3,
1653 2026 1683 2062 t.

223 2093 332 2143 VIII,
363 2108 402 2147 p.
435 2096 527 2135 373.

354 2173 677 2228 Teleutosporae
720 2175 760 2215 in
806 2179 980 2216 stratum
1019 2178 1199 2230 planum,
1240 2192 1451 2220 mucosum
1490 2180 1680 2232 stipatae.

222 2249 489 2303 Stylosporae
527 2253 569 2293 in
609 2254 737 2295 series
777 2255 1074 2298 moniliformes
1105 2258 1382 2307 consociatae,
1415 2258 1680 2299 aurantiacae

219 2327 282 2367 vel
311 2327 454 2379 flavae,
486 2331 714 2372 echinatae.

560 2436 693 2480 Fam.
731 2437 771 2482 1.
844 2437 1340 2485 USTILAGINEAE.

352 2509 383 2547 1.
429 2509 679 2550 USTILAGO
711 2513 825 2551 Link.

350 2584 457 2625 Sect.
493 2587 528 2625 1.
588 2586 745 2638 Sporae
776 2588 924 2630 laeves.

349 2664 383 2702 1.
444 2662 546 2704 Ust.
588 2668 803 2718 segetum
847 2667 1003 2720 (Burr.)
1047 2668 1166 2708 Ditm.
1205 2668 1246 2708 in
1278 2669 1427 2709 Sturm.
1462 2670 1670 2710 Deutschl.

213 2740 320 2781 Flor.
352 2740 424 2790 III,
455 2744 483 2781 t.
516 2743 580 2781 33.
