1784 3177
1378 200 1455 239 153

178 332 271 370 270.
333 332 416 384 Ag.
449 333 713 371 atomatus
745 330 815 369 FP..
849 330 955 383 Syst.
988 344 1090 384 myc.
1123 331 1153 379 Ι,
1185 345 1224 383 p.
1258 332 1351 371 293.

177 408 316 449 Pileus
347 408 781 457 submembranaceus,
813 409 1144 461 campanulatus‚
1177 409 1362 458 obtusus,
1396 408 1515 449 stria-

45 487 165 544 tulus,
200 487 503 540 hygrophanus,
536 487 671 528 siccus
701 487 935 541 rugulosus,
967 487 1140 541 integer,
1174 488 1323 529 atomis
1351 487 1515 527 nitenti-

43 565 120 604 bus
152 564 389 605 furfuratus.
452 566 588 618 Stipes
628 565 759 615 laxus,
791 566 963 619 fragilis,
997 566 1130 615 albus,
1163 567 1282 619 apice
1315 565 1516 607 albo-fur-

46 643 218 684 furatus.
279 644 488 684 Laniellae
520 645 712 693 adnatae,
744 645 868 693 latae,
901 644 1352 698 cinereo-nigricantes.

177 729 258 772 Syn.
319 727 497 772 Λεωνίδη-ς
542 714 720 762 ατοηιᾷΐτω
765 731 826 763 Fa.
858 730 972 774 Epicr.
1005 731 1097 773 Syst.
1129 742 1215 773 myc.
1247 731 1274 771 Ι,
1306 742 1338 774 p.
1372 727 1450 763 239
1481 733 1517 763 et

45 808 146 852 Hym.
179 818 250 841 eur.
281 819 313 851 p.
347 805 437 841 315.
497 807 607 842 GOOK.
639 809 729 842 Brit.
762 809 873 851 Fung.
906 809 933 849 Ι,
966 820 998 852 p.
1036 806 1122 841 159.

177 879 284 921 Hah.
345 880 390 920 In
435 880 682 933 graminosis
722 880 775 920 ad
807 880 905 929 vias,
936 894 1067 933 pagos
1098 881 1139 920 in
1171 880 1366 933 paroecia
1397 880 1516 921 Tam-

46 959 151 1000 mela
182 958 351 1011 passim,
383 971 523 999 mense
556 958 802 1011 Septembri.

177 1044 376 1088 Gregarius,
420 1045 574 1088 pulcher.
633 1045 752 1078 Pileus
797 1045 1061 1078 livido-albidus
1106 1046 1160 1078 vel
1192 1045 1458 1085 albido-roseus,
1491 1041 1513 1076 2

46 1121 121 1157 —3
169 1134 232 1156 om.
277 1124 378 1156 latus.
438 1124 556 1167 Stipes
601 1122 622 1155 5
656 1135 719 1157 cm.
753 1124 888 1166 longus,
920 1124 1012 1157 haud
1043 1124 1196 1163 strictus,
1228 1124 1392 1157 arrhizus.
1451 1124 1515 1156 La-

43 1202 167 1235 mellae
199 1201 450 1243 subdistantes,
482 1202 554 1234 acie
586 1202 789 1235 concolores
820 1202 874 1234 vel
906 1202 1113 1236 albicantes.

177 1286 269 1324 ⁴271.
331 1284 412 1336 Ag.
446 1283 822 1323 disseminatus
855 1283 967 1323 Pans.
1001 1283 1095 1337 Syn.
1129 1284 1257 1336 Fung.
1291 1299 1328 1336 p.
1361 1286 1456 1325 403.

178 1361 316 1402 Pileus
360 1360 716 1411 membranaceus,
757 1361 1233 1414 ovato-campanulatus,
1273 1362 1515 1410 suffuratus,

45 1440 138 1480 dein
169 1440 314 1489 nudus,
356 1439 731 1492 sulcato-plicatus,
770 1439 944 1493 integer,
976 1440 1198 1489 lutescens,
1232 1440 1326 1480 dein
1358 1440 1517 1480 cinera-

44 1531 173 1558 seens.
235 1517 372 1570 Stipes
416 1517 549 1567 laxus,
596 1517 897 1567 subflexuosus,
938 1518 1111 1572 fragilis,
1142 1532 1163 1559 e
1194 1518 1400 1559 furfurato
1431 1518 1517 1572 gla-

43 1596 129 1637 ber.
190 1596 399 1636 Lamellae
444 1596 636 1645 adflat-ae,
677 1596 759 1636 late
792 1596 982 1646 lineares,
1016 1610 1067 1637 ex
1098 1597 1427 1640 albido-cinereo
1458 1597 1518 1637 ni-

45 1676 263 1731 gricantes.

176 1764 258 1808 Syn.
320 1762 500 1807 Agaricus
529 1764 780 1797 disseminatus
810 1765 872 1798 FR.
904 1765 995 1809 Syst.
1032 1776 1120 1809 my0.
1151 1765 1178 1805 Ι,
1210 1777 1243 1808 p.
1278 1761 1368 1805 305,
1400 1765 1517 1808 Epier.

45 1844 136 1887 Syst.
166 1855 200 1887 p.
235 1840 313 1877 240
345 1847 381 1877 et
410 1844 512 1888 Hym.
544 1855 614 1877 eur.
646 1856 679 1887 p.
713 1842 803 1877 316.

178 1915 282 1956 Hab.
346 1916 407 1956 Ad
457 1919 627 1956 truncos
672 1919 855 1956 vetustos
901 1915 1096 1956 arborum
1141 1915 1431 1957 frondosarum
1476 1916 1519 1956 in

45 1993 240 2034 Mustiala
270 2008 353 2035 non
383 1994 462 2035 nisi
493 2008 618 2047 parce
649 1994 794 2043 lectus,
827 1997 987 2036 aestate
1020 1997 1060 2035 et
1091 1997 1301 2036 autumno.

176 2080 294 2113 Pileus
325 2081 593 2124 digitaliformis,
627 2078 649 2114 6
681 2092 762 2114 mm.
795 2082 898 2115 latus.

461 2188 512 2227 II.
574 2186 845 2227 COPRINUS
877 2187 994 2227 PERs.
1028 2186 1098 2226 Fa.

175 2268 282 2307 Sect.
330 2267 358 2306 Ι.
420 2265 670 2306 Pellieulosi.
731 2265 941 2307 Lamellae
971 2265 1168 2318 pellicula
1199 2265 1517 2306 membranacea

45 2346 107 2386 vel
138 2360 314 2387 carnosa
344 2349 493 2394 tectae,
527 2358 652 2397 qvare
683 2344 816 2397 pileus
847 2358 928 2385 non
951 2357 1070 2385 secus
1099 2343 1289 2385 lamellas
1310 2344 1516 2394 hiascens‚

45 2424 117 2464 sed
146 2424 354 2465 laceratus
385 2424 686 2475 revolutusqve.

177 2516 220 2554 A.
285 2513 715 2562 volvam-annulatus,
761 2513 860 2566 pilei
899 2516 991 2554 cute
1022 2514 1065 2553 in
1095 2527 1287 2565 sqvamas
1318 2512 1516 2554 lacerata.

181 2605 214 2643 1.
277 2604 319 2643 C.
352 2607 587 2644 comatus
618 2602 795 2655 (Muell.)
827 2603 894 2643 FR.
928 2603 1065 2655 Epicr.
1100 2603 1203 2656 Syst.
1232 2617 1332 2656 mye.
1356 2617 1394 2655 p.
1422 2605 1513 2643 242.

178 2682 318 2723 Pileus
348 2682 641 2731 subcarnosus‚
674 2696 696 2723 e
727 2681 989 2736 cylindraceo
1012 2695 1234 2735 expansus,
1256 2681 1397 2730 laevis,
1421 2694 1516 2722 mox

47 2758 89 2799 in
118 2773 308 2812 sqvamas
338 2760 460 2812 latas,
492 2774 674 2814 sparsas,
701 2760 928 2813 'adpressas
958 2760 1180 2812 laceratus,
1212 2759 1387 2802 albidus.
1435 2758 1515 2802 Sti-
