1784 3177
326 225 405 265 226

266 350 436 401 farctus,
467 349 662 404 aeqvalis,
695 349 876 392 dilutior.
933 350 1145 393 Lamellae
1176 350 1399 402 confertae,
1431 352 1612 403 strictae,
1635 365 1730 393 can-

268 429 403 471 didae.

399 515 481 559 Syn.
541 511 785 549 c‘antlcarellus
810 515 1020 549 umbonatus
1050 516 1112 550 Fa.
1145 515 1237 560 Syst.
1269 527 1358 561 myc.
1388 517 1416 558 I,
1447 528 1480 561 p.
1504 514 1594 559 317,
1613 517 1728 561 Epicr.

266 594 356 638 Syst.
384 604 471 638 myc.
502 604 535 638 p.
559 591 637 628 365
666 597 704 628 et
732 595 836 640 Hym.
867 606 937 629 eur.
968 606 1001 639 p.
1026 592 1116 628 457.
1147 595 1282 629 KARST.
1302 595 1394 629 Finl.
1417 596 1471 629 ck.
1493 596 1584 630 Flor.
1609 608 1641 641 p.
1665 593 1727 631 28.

397 673 531 707 Exsicc.
588 673 724 707 KARs'r.
754 674 864 718 Fung.
896 674 1006 708 Fenn.
1041 670 1133 707 230.

396 754 503 796 Hab.
564 755 686 797 Locis
717 756 915 797 silvaticis
945 756 987 796 in
1018 755 1195 797 collibus
1225 755 1334 797 inter
1363 769 1526 797 muscos
1557 756 1599 796 in
1625 757 1729 798 Fen-

262 834 333 875 nia
376 833 550 875 australi
593 838 634 876 et
677 835 814 877 media
857 834 1126 889 (Jakobstad:
1156 834 1263 888 ipse)
1293 834 1487 889 vulgaris,
1519 836 1729 877 mensibus

262 913 526 967 Aug.—N0v.

395 1047 441 1088 B.
486 1047 626 1089 Pileus
656 1046 1090 1088 submembranaceus.
1131 1047 1268 1100 Stipes
1298 1048 1530 1099 tubulosus,
1561 1049 1727 1102 politus.

391 1129 430 1167 4.
491 1126 535 1167 C.
580 1126 1091 1168 infundibuliformis
1136 1126 1285 1180 (scota)
1316 1127 1386 1168 FP..
1435 1127 1573 1181 Epicr.
1620 1127 1726 1182 Syst.

262 1218 300 1258 p.
333 1206 427 1246 366.

393 1284 533 1325 Pileus
578 1283 1011 1333 submembranaceus,
1044 1296 1095 1324 ex
1122 1284 1365 1326 umbilicato
1396 1284 1728 1326 infundibulifor-

261 1363 351 1412 mis,
400 1362 793 1417 floccoso-rugosus,
843 1362 1253 1415 fuligineo-flavidus,
1305 1364 1530 1417 expallens.
1591 1363 1728 1417 Stipes

259 1440 484 1491 fistulosus,
516 1440 658 1490 laevis,
690 1440 848 1495 glaber,
878 1439 1019 1482 flavus.
1065 1441 1276 1482 Lamellae
1308 1442 1523 1493 distantes,
1550 1456 1728 1492 crassae,

258 1520 389 1562 flavae
418 1519 482 1561 vel
513 1519 716 1569 cinereae,
749 1520 911 1560 demum
942 1520 1174 1572 pruinatae.

392 1607 474 1651 Syn.
532 1605 704 1639 sslerulius
751 1605 1093 1650 iiqumclibnlzforme's
1141 1606 1243 1641 SCOP.
1293 1607 1385 1640 Flor.
1432 1618 1513 1640 earn
1542 1615 1590 1651 p.
1636 1604 1727 1641 462.

261 1685 507 1720 Cantharellus
549 1685 892 1730 infundibvlzfformis
929 1685 990 1719 Fa.
1022 1686 1124 1730 Hym.
1156 1696 1227 1720 eur.
1259 1697 1292 1730 p.
1324 1683 1414 1720 458.
1472 1679 1606 1721 KARST.
1637 1686 1727 1720 Fini.

259 1766 313 1799 ek.
344 1766 436 1799 Flor.
468 1776 501 1809 p.
534 1761 597 1799 28.

392 1844 526 1878 Exsice.
585 1843 704 1877 Karst.
748 1843 858 1886 Fung.
900 1843 1010 1876 Fenn.
1042 1839 1132 1876 420.
1191 1843 1279 1877 ΗΑΒ.
1309 1843 1419 1886 Fung.
1450 1853 1522 1876 eur.
1554 1843 1600 1884 ΙΙ,
1635 1839 1724 1876 802.

392 1926 500 1968 Hab.
560 1925 607 1966 In
636 1925 749 1966 silvis
781 1938 908 1977 supra
937 1927 1104 1966 terram.
1164 1925 1211 1965 In
1241 1925 1398 1966 Fennia
1426 1925 1558 1966 lectus
1589 1928 1652 1965 est
1685 1925 1727 1964 in

258 2005 482 2058 provinciis
528 2004 689 2059 Nyland
734 2004 1033 2058 (Helsingfors:
1080 2004 1161 2057 (W.
1207 2004 1452 2058 Nylander),
1498 2003 1728 2044 Satakunta

260 2084 438 2138 (Tyrvisz
470 2084 592 2137 ipse),
634 2083 885 2124 Tavastland
916 2082 1144 2136 (Tammela
1174 2082 1362 2135 pluribus
1392 2082 1516 2124 locis:
1548 2082 1655 2134 ipse)
1687 2085 1728 2121 et

257 2163 299 2203 in
330 2164 497 2217 regione
528 2150 719 2204 ssbo'ense
756 2162 970 2215 (Runsala‚
1001 2161 1275 2202 Merimasku:
1307 2162 1427 2214 ipse).
1487 2161 1534 2201 In
1564 2160 1727 2213 Lappo·

257 2243 327 2283 nia
356 2243 516 2284 rossica
545 2242 719 2283 australi
749 2255 906 2294 qvoqve
938 2241 1258 2292 observavimus.

390 2329 522 2373 Sporae
554 2328 979 2373 sphaeroideo-ovoideae,
1026 2328 1234 2361 dilutissime
1264 2327 1494 2360 flavescentes
1525 2325 1580 2359 vel
1608 2324 1725 2358 subin-

258 2409 403 2451 colores,
432 2408 556 2452 longit.
590 2405 718 2441 9—11
755 2419 883 2449 mmm„
915 2407 1049 2441 crassit.
1081 2403 1186 2440 7—8
1218 2417 1334 2439 mmm.

392 2545 499 2586 Sect.
530 2545 582 2585 II.
643 2545 884 2599 Pleuropus.
945 2545 1084 2598 Stipes
1115 2546 1259 2585 exacte
1291 2543 1489 2584 lateralis.

392 2636 428 2676 5.
490 2635 533 2674 C.
579 2634 901 2688 muscigenus
933 2634 1090 2687 (Bm.)
1121 2633 1192 2673 FP..
1225 2632 1329 2687 Syst.
1361 2645 1463 2686 myc.
1495 2631 1526 2681 I,
1558 2645 1597 2684 p.
1630 2633 1721 2672 323.

389 2713 529 2754 Pileus
559 2713 994 2763 submembranaceus‚
1027 2712 1278 2762 dimidiatus,
1310 2710 1583 2764 spathulatus,
1614 2710 1723 2751 hori-

257 2793 445 2842 zontalis,
492 2793 648 2847 glaber,
695 2797 880 2842 zonatus,
928 2807 948 2832 e
993 2793 1109 2833 fusco
1141 2790 1525 2832 cinereo—albicans.
1587 2790 1723 2842 Stipes
