1784 3177
291 148 342 187 98

918 274 1006 316 xa

692 362 1238 424 COLUMELLIFERAE.

367 461 601 514 Sporangia
635 461 678 502 in
713 462 895 503 aethalia
924 461 1187 512 confluentia,
1219 461 1373 514 absqve
1403 460 1530 504 calce.
1590 460 1692 513 Spo-

233 554 317 590 rae,
349 541 595 593 capillitium
626 545 667 582 et
697 541 943 582 columellae
973 540 1176 582 umbrina.
1234 540 1489 593 Capillitium
1521 553 1542 580 e
1572 538 1694 579 tubu-

233 619 283 659 lis
313 619 490 668 tenellis,
522 633 617 660 aere
647 618 831 672 repletis,
864 619 990 660 dense
1020 618 1227 660 intricatis
1247 617 1576 670 reticulatimqve
1598 630 1694 658 con-

228 697 395 750 junctis,
428 697 756 751 protuberantiis
788 697 996 738 destitutis
1029 696 1317 750 compositum.

488 824 623 869 Fam.
660 824 746 869 XI.
816 822 1436 868 RETIGULARIACEAE.

369 910 561 951 Aethalia
591 923 613 950 e
645 909 879 963 sporangiis
909 908 1152 958 numerosis,
1185 908 1401 962 elongatis,
1435 906 1599 948 omnino
1622 920 1696 946 nu-

237 987 312 1039 dis,
354 988 547 1029 distincte
575 988 780 1037 stratosis,
813 987 978 1029 coalitis
1010 987 1255 1040 composita.
1315 985 1547 1039 Sporangia
1578 983 1697 1025 strati

235 1065 444 1107 inferioris
483 1070 524 1107 et
561 1067 685 1107 medii
723 1066 944 1108 columella
981 1065 1273 1120 longitudinali
1302 1065 1517 1105 instructa.
1577 1063 1698 1104 Colu-

236 1144 384 1185 mellae
414 1144 659 1185 fruticulose
690 1158 733 1185 se
765 1144 938 1185 invicem
970 1148 1186 1194 connatae,
1224 1158 1245 1184 e
1275 1142 1367 1184 basi
1389 1141 1559 1183 aethalii
1580 1155 1697 1182 enas-

237 1228 390 1265 centes.
451 1224 687 1277 Sporangia
717 1224 837 1264 strati
868 1223 992 1265 medii
1024 1226 1065 1265 et
1094 1222 1322 1276 superioris
1358 1221 1603 1275 capillitium
1637 1221 1699 1261 in-

238 1302 460 1343 cludentia.

370 1381 503 1421 XXII.
563 1380 934 1421 RETICULARIA
962 1380 1118 1432 (BULL.)
1140 1380 1303 1420 Rosm.
1326 1370 1520 1421 {luzowcz
1544 1391 1582 1431 p.
1605 1377 1697 1418 240.

372 1459 563 1500 Aethalia
593 1459 747 1500 cortice
777 1472 1027 1513 papyraceo,
1060 1457 1210 1511 fragili,
1243 1456 1450 1498 communi
1478 1459 1602 1497 tecta.

907 1582 1028 1623 VI.

761 1660 1172 1721 CALONEMEAE.

376 1763 623 1817 Sporangia,
656 1775 805 1815 sperae
835 1765 876 1801 et
907 1760 1109 1813 capillitia
1140 1759 1260 1812 vulgo
1282 1757 1532 1799 concoloria.
1579 1756 1702 1797 Color

243 1843 391 1893 varius,
423 1843 637 1897 puniceus,
670 1841 910 1889 ochraceus,
942 1840 1093 1888 fuscus,
1127 1841 1359 1890 castaneus,
1382 1837 1588 1878 olivaceus
1610 1840 1702 1885 etc„

242 1936 464 1975 numqvam
495 1935 590 1962 vero
623 1923 713 1961 ater
743 1922 814 1960 aut
848 1918 1051 1960 fusco—vel
1080 1917 1388 1958 violaceo-ater.
1449 1914 1702 1968 Capillitium

243 2005 289 2043 ut
318 2001 539 2055 plurimum
577 2000 683 2041 bene
720 1998 940 2040 evolutum.
999 1997 1139 2038 Flocci
1179 1996 1388 2049 simplices
1418 1994 1481 2036 vel
1510 1993 1704 2034 reticula-

242 2081 316 2121 tim
353 2080 539 2133 connexi,
571 2078 693 2120 liberi
723 2078 786 2119 vel
817 2077 968 2130 parieti
999 2075 1212 2129 sporangii
1243 2074 1397 2123 adnati,
1428 2087 1523 2114 raro
1553 2072 1702 2122 laeves,

245 2161 364 2213 vulgo
404 2157 730 2212 protuberantiis
770 2156 906 2206 variis,
946 2155 1126 2205 aculeos,
1167 2167 1304 2203 venas,
1336 2165 1540 2205 verrucas,
1572 2151 1703 2204 plicas

246 2239 308 2279 vel
337 2238 542 2279 taeniolas
573 2237 747 2290 spirales
778 2234 1021 2276 sistentibus
1043 2233 1189 2275 ornati.
1236 2231 1465 2273 Columella
1484 2230 1610 2271 nulla.
1656 2229 1704 2269 In

246 2317 487 2358 membrana
517 2315 729 2369 sporangii
760 2314 850 2355 sola
880 2312 1055 2354 subinde
1085 2311 1290 2353 invenitur
1320 2309 1423 2351 calx,

495 2443 628 2487 Fam.
664 2441 777 2487 XII.
847 2435 1453 2485 PERIGHAENAGEAE.

379 2528 611 2582 Sporangia
630 2527 873 2568 membrana
888 2524 1067 2578 simplici
1087 2523 1150 2565 vel
1171 2521 1339 2575 duplici,
1363 2519 1558 2562 exteriori
1580 2532 1704 2572 saepe

248 2608 449 2649 calcarea.
508 2605 647 2646 Flocci
692 2604 882 2657 capillitii
931 2603 1082 2652 laeves,
1133 2602 1507 2648 anastomosantes,
1553 2596 1705 2651 parieti

249 2686 378 2739 partis
410 2683 620 2737 sporangii
649 2683 877 2735 superioris
907 2682 1050 2731 innati,
1083 2693 1208 2733 saepe
1237 2677 1426 2720 obsoleti.
