<?xml version="1.0" encoding="UTF-8"?>
<!DOCTYPE html PUBLIC "-//W3C//DTD XHTML 1.0 Transitional//EN"
    "http://www.w3.org/TR/xhtml1/DTD/xhtml1-transitional.dtd">
<html xmlns="http://www.w3.org/1999/xhtml" xml:lang="en" lang="en">
 <head>
  <title>
</title>
<meta http-equiv="Content-Type" content="text/html;charset=utf-8" />
  <meta name='ocr-system' content='tesseract 3.04.00' />
  <meta name='ocr-capabilities' content='ocr_page ocr_carea ocr_par ocr_line ocrx_word'/>
</head>
<body>
  <div class='ocr_page' id='page_1' title='image "./mycologiafennicapt34kars_0370.png"; bbox 0 0 1784 3177; ppageno 0'>
   <div class='ocr_carea' id='block_1_1' title="bbox 292 192 372 233">
    <p class='ocr_par' dir='ltr' id='par_1_1' title="bbox 292 192 372 233">
     <span class='ocr_line' id='line_1_1' title="bbox 292 192 372 233; baseline 0 -1"><span class='ocrx_word' id='word_1_1' title='bbox 292 192 372 233; x_wconf 87' lang='lat'>350</span> 
     </span>
    </p>
   </div>
   <div class='ocr_carea' id='block_1_2' title="bbox 236 318 1694 450">
    <p class='ocr_par' dir='ltr' id='par_1_2' title="bbox 236 318 1694 450">
     <span class='ocr_line' id='line_1_2' title="bbox 369 318 1694 370; baseline 0 -15"><span class='ocrx_word' id='word_1_2' title='bbox 369 326 450 370; x_wconf 82' lang='lat' dir='ltr'>Syn.</span> <span class='ocrx_word' id='word_1_3' title='bbox 508 322 644 356; x_wconf 72' lang='lat' dir='ltr'>Exidia</span> <span class='ocrx_word' id='word_1_4' title='bbox 685 323 899 357; x_wconf 73' lang='lat' dir='ltr'>saccharina</span> <span class='ocrx_word' id='word_1_5' title='bbox 943 324 1004 357; x_wconf 72' lang='lat' dir='ltr'>Fu.</span> <span class='ocrx_word' id='word_1_6' title='bbox 1047 323 1163 367; x_wconf 85' lang='lat' dir='ltr'>Epior.</span> <span class='ocrx_word' id='word_1_7' title='bbox 1208 321 1298 366; x_wconf 80' lang='lat' dir='ltr'>Syst.</span> <span class='ocrx_word' id='word_1_8' title='bbox 1342 333 1429 366; x_wconf 76' lang='lat' dir='ltr'>mye.</span> <span class='ocrx_word' id='word_1_9' title='bbox 1473 332 1507 366; x_wconf 89' lang='lat' dir='ltr'>p.</span> <span class='ocrx_word' id='word_1_10' title='bbox 1549 318 1622 356; x_wconf 81' lang='lat'>591</span> <span class='ocrx_word' id='word_1_11' title='bbox 1658 325 1694 355; x_wconf 86' lang='lat' dir='ltr'>et</span> 
     </span>
     <span class='ocr_line' id='line_1_3' title="bbox 236 398 1318 450; baseline -0.003 -12"><span class='ocrx_word' id='word_1_12' title='bbox 236 405 339 450; x_wconf 78' lang='lat' dir='ltr'>Hym.</span> <span class='ocrx_word' id='word_1_13' title='bbox 374 414 446 437; x_wconf 88' lang='lat' dir='ltr'>eur.</span> <span class='ocrx_word' id='word_1_14' title='bbox 477 414 511 447; x_wconf 90' lang='lat' dir='ltr'>p.</span> <span class='ocrx_word' id='word_1_15' title='bbox 546 399 636 436; x_wconf 86' lang='lat'>694.</span> <span class='ocrx_word' id='word_1_16' title='bbox 696 402 808 436; x_wconf 73' lang='lat' dir='ltr'>Coox.</span> <span class='ocrx_word' id='word_1_17' title='bbox 840 403 928 436; x_wconf 86' lang='lat' dir='ltr'>Brit.</span> <span class='ocrx_word' id='word_1_18' title='bbox 961 402 1071 445; x_wconf 87' lang='lat' dir='ltr'>Fung.</span> <span class='ocrx_word' id='word_1_19' title='bbox 1105 402 1131 441; x_wconf 84' lang='grc' dir='ltr'>Ι,</span> <span class='ocrx_word' id='word_1_20' title='bbox 1161 412 1194 445; x_wconf 89' lang='lat' dir='ltr'>p.</span> <span class='ocrx_word' id='word_1_21' title='bbox 1229 398 1318 435; x_wconf 84' lang='lat'>349.</span> 
     </span>
    </p>
   </div>
   <div class='ocr_carea' id='block_1_3' title="bbox 234 492 1775 707">
    <p class='ocr_par' dir='ltr' id='par_1_3' title="bbox 234 492 1775 707">
     <span class='ocr_line' id='line_1_4' title="bbox 369 492 1775 550; baseline -0.001 -13"><span class='ocrx_word' id='word_1_22' title='bbox 369 496 476 538; x_wconf 80' lang='lat' dir='ltr'>Hab.</span> <span class='ocrx_word' id='word_1_23' title='bbox 536 495 600 537; x_wconf 90' lang='lat' dir='ltr'>Ad</span> <span class='ocrx_word' id='word_1_24' title='bbox 628 499 797 537; x_wconf 81' lang='lat' dir='ltr'>truncos</span> <span class='ocrx_word' id='word_1_25' title='bbox 827 498 1082 550; x_wconf 87' lang='lat' dir='ltr'>prostratros</span> <span class='ocrx_word' id='word_1_26' title='bbox 1112 498 1198 535; x_wconf 70' lang='lat' dir='ltr'>Fini</span> <span class='ocrx_word' id='word_1_27' title='bbox 1227 497 1269 535; x_wconf 85' lang='lat' dir='ltr'>et</span> <span class='ocrx_word' id='word_1_28' title='bbox 1298 496 1440 535; x_wconf 75' lang='lat' dir='ltr'>Abietis</span> <span class='ocrx_word' id='word_1_29' title='bbox 1468 494 1511 534; x_wconf 88' lang='lat' dir='ltr'>in</span> <span class='ocrx_word' id='word_1_30' title='bbox 1540 492 1697 535; x_wconf 77' lang='lat' dir='ltr'>Fennia</span> <span class='ocrx_word' id='word_1_31' title='bbox 1768 513 1775 547; x_wconf 85' lang='lat'>&#39;.</span> 
     </span>
     <span class='ocr_line' id='line_1_5' title="bbox 237 572 1774 628; baseline -0.002 -12"><span class='ocrx_word' id='word_1_32' title='bbox 237 574 497 617; x_wconf 82' lang='lat' dir='ltr'>meridionali</span> <span class='ocrx_word' id='word_1_33' title='bbox 527 577 592 616; x_wconf 82' lang='lat' dir='ltr'>sat</span> <span class='ocrx_word' id='word_1_34' title='bbox 620 574 856 628; x_wconf 79' lang='lat' dir='ltr'>freqventer</span> <span class='ocrx_word' id='word_1_35' title='bbox 886 573 1053 616; x_wconf 82' lang='lat' dir='ltr'>obvenit</span> <span class='ocrx_word' id='word_1_36' title='bbox 1083 576 1404 614; x_wconf 78' lang='lat' dir='ltr'>autumno-vere.</span> <span class='ocrx_word' id='word_1_37' title='bbox 1465 572 1585 613; x_wconf 84' lang='lat' dir='ltr'>Certe</span> <span class='ocrx_word' id='word_1_38' title='bbox 1623 585 1698 626; x_wconf 87' lang='lat' dir='ltr'>per</span> <span class='ocrx_word' id='word_1_39' title='bbox 1771 616 1774 618; x_wconf 64' lang='grc'>,</span> 
     </span>
     <span class='ocr_line' id='line_1_6' title="bbox 234 653 884 707; baseline -0.005 -11"><span class='ocrx_word' id='word_1_40' title='bbox 234 657 366 697; x_wconf 88' lang='lat' dir='ltr'>totum</span> <span class='ocrx_word' id='word_1_41' title='bbox 396 653 651 696; x_wconf 78' lang='lat' dir='ltr'>territorium</span> <span class='ocrx_word' id='word_1_42' title='bbox 681 653 884 707; x_wconf 84' lang='lat' dir='ltr'>dispersa.</span> 
     </span>
    </p>
   </div>
   <div class='ocr_carea' id='block_1_4' title="bbox 1720 0 1784 773">
    <p class='ocr_par' dir='ltr' id='par_1_4' title="bbox 1720 0 1784 773">
     <span class='ocr_line' id='line_1_7' title="bbox 1720 0 1784 773; baseline 0 2404"><span class='ocrx_word' id='word_1_43' title='bbox 1720 0 1784 773; x_wconf 95' lang='lat' dir='ltr'> </span> 
     </span>
    </p>
   </div>
   <div class='ocr_carea' id='block_1_5' title="bbox 371 739 915 776">
    <p class='ocr_par' dir='ltr' id='par_1_5' title="bbox 371 739 915 776">
     <span class='ocr_line' id='line_1_8' title="bbox 371 739 915 776; baseline -0.006 0"><span class='ocrx_word' id='word_1_44' title='bbox 371 741 476 776; x_wconf 76' lang='lat' dir='ltr'>Color</span> <span class='ocrx_word' id='word_1_45' title='bbox 505 739 660 775; x_wconf 77' lang='lat' dir='ltr'>sacchari</span> <span class='ocrx_word' id='word_1_46' title='bbox 690 739 915 774; x_wconf 80' lang='lat' dir='ltr'>cristallisati.</span> 
     </span>
    </p>
   </div>
   <div class='ocr_carea' id='block_1_6' title="bbox 371 889 1461 945">
    <p class='ocr_par' dir='ltr' id='par_1_6' title="bbox 371 889 1461 945">
     <span class='ocr_line' id='line_1_9' title="bbox 371 889 1461 945; baseline 0 -14"><span class='ocrx_word' id='word_1_47' title='bbox 371 894 407 933; x_wconf 70' lang='grc' dir='ltr'>(ἶ.</span> <span class='ocrx_word' id='word_1_48' title='bbox 467 891 549 932; x_wconf 86' lang='lat' dir='ltr'>Ex.</span> <span class='ocrx_word' id='word_1_49' title='bbox 581 890 809 945; x_wconf 85' lang='lat' dir='ltr'>repanda</span> <span class='ocrx_word' id='word_1_50' title='bbox 839 890 908 930; x_wconf 68' lang='lat' dir='ltr'>FP..</span> <span class='ocrx_word' id='word_1_51' title='bbox 941 889 1047 944; x_wconf 86' lang='lat' dir='ltr'>Syst.</span> <span class='ocrx_word' id='word_1_52' title='bbox 1079 904 1181 944; x_wconf 84' lang='lat' dir='ltr'>myo.</span> <span class='ocrx_word' id='word_1_53' title='bbox 1212 889 1266 939; x_wconf 84' lang='lat' dir='ltr'>II,</span> <span class='ocrx_word' id='word_1_54' title='bbox 1297 904 1336 942; x_wconf 90' lang='lat' dir='ltr'>p.</span> <span class='ocrx_word' id='word_1_55' title='bbox 1369 892 1461 931; x_wconf 77' lang='lat'>225.</span> 
     </span>
    </p>
   </div>
   <div class='ocr_carea' id='block_1_7' title="bbox 238 980 1700 1104">
    <p class='ocr_par' dir='ltr' id='par_1_7' title="bbox 238 980 1700 1104">
     <span class='ocr_line' id='line_1_10' title="bbox 371 980 1700 1038; baseline 0.002 -15"><span class='ocrx_word' id='word_1_56' title='bbox 371 982 593 1037; x_wconf 70' lang='lat' dir='ltr'>Adpoessa,</span> <span class='ocrx_word' id='word_1_57' title='bbox 625 980 895 1030; x_wconf 84' lang='lat' dir='ltr'>subrotunda‚</span> <span class='ocrx_word' id='word_1_58' title='bbox 927 980 1068 1030; x_wconf 80' lang='lat' dir='ltr'>laevis,</span> <span class='ocrx_word' id='word_1_59' title='bbox 1099 981 1283 1035; x_wconf 82' lang='lat' dir='ltr'>margine</span> <span class='ocrx_word' id='word_1_60' title='bbox 1314 981 1700 1038; x_wconf 79' lang='lat' dir='ltr'>crenulato·01·ispo,</span> 
     </span>
     <span class='ocr_line' id='line_1_11' title="bbox 238 1062 706 1104; baseline -0.011 0"><span class='ocrx_word' id='word_1_61' title='bbox 238 1062 706 1104; x_wconf 82' lang='lat' dir='ltr'>carneo—cinnamomea.</span> 
     </span>
    </p>
   </div>
   <div class='ocr_carea' id='block_1_8' title="bbox 239 1143 1701 1271">
    <p class='ocr_par' dir='ltr' id='par_1_8' title="bbox 239 1143 1701 1271">
     <span class='ocr_line' id='line_1_12' title="bbox 371 1143 1701 1193; baseline 0.002 -12"><span class='ocrx_word' id='word_1_62' title='bbox 371 1149 452 1192; x_wconf 75' lang='lat' dir='ltr'>Syn.</span> <span class='ocrx_word' id='word_1_63' title='bbox 511 1146 646 1179; x_wconf 66' lang='lat' dir='ltr'>Eaeidz&#39;a</span> <span class='ocrx_word' id='word_1_64' title='bbox 688 1145 857 1190; x_wconf 73' lang='lat' dir='ltr'>repanda</span> <span class='ocrx_word' id='word_1_65' title='bbox 894 1146 953 1180; x_wconf 70' lang='lat' dir='ltr'>Fa.</span> <span class='ocrx_word' id='word_1_66' title='bbox 985 1146 1100 1190; x_wconf 85' lang='lat' dir='ltr'>Epicr.</span> <span class='ocrx_word' id='word_1_67' title='bbox 1130 1146 1221 1190; x_wconf 84' lang='lat' dir='ltr'>Syst.</span> <span class='ocrx_word' id='word_1_68' title='bbox 1252 1157 1284 1190; x_wconf 89' lang='lat' dir='ltr'>p.</span> <span class='ocrx_word' id='word_1_69' title='bbox 1317 1143 1387 1180; x_wconf 83' lang='lat'>59]</span> <span class='ocrx_word' id='word_1_70' title='bbox 1425 1151 1461 1181; x_wconf 86' lang='lat' dir='ltr'>et</span> <span class='ocrx_word' id='word_1_71' title='bbox 1498 1148 1599 1193; x_wconf 74' lang='lat' dir='ltr'>Hym.</span> <span class='ocrx_word' id='word_1_72' title='bbox 1630 1160 1701 1184; x_wconf 86' lang='lat' dir='ltr'>eur.</span> 
     </span>
     <span class='ocr_line' id='line_1_13' title="bbox 239 1224 396 1271; baseline -0.019 -10"><span class='ocrx_word' id='word_1_73' title='bbox 239 1239 271 1271; x_wconf 87' lang='lat' dir='ltr'>p.</span> <span class='ocrx_word' id='word_1_74' title='bbox 307 1224 396 1261; x_wconf 73' lang='grc'>694.</span> 
     </span>
    </p>
   </div>
   <div class='ocr_carea' id='block_1_9' title="bbox 239 1306 1781 1755">
    <p class='ocr_par' dir='ltr' id='par_1_9' title="bbox 239 1306 1781 1521">
     <span class='ocr_line' id='line_1_14' title="bbox 373 1306 1777 1360; baseline 0.001 -11"><span class='ocrx_word' id='word_1_75' title='bbox 373 1307 479 1349; x_wconf 86' lang='lat' dir='ltr'>Hab.</span> <span class='ocrx_word' id='word_1_76' title='bbox 539 1308 603 1348; x_wconf 88' lang='lat' dir='ltr'>Ad</span> <span class='ocrx_word' id='word_1_77' title='bbox 633 1321 772 1349; x_wconf 84' lang='lat' dir='ltr'>ramos</span> <span class='ocrx_word' id='word_1_78' title='bbox 803 1306 999 1349; x_wconf 85' lang='lat' dir='ltr'>deciduos</span> <span class='ocrx_word' id='word_1_79' title='bbox 1040 1310 1202 1349; x_wconf 74' lang='lat' dir='ltr'>Belulae</span> <span class='ocrx_word' id='word_1_80' title='bbox 1232 1311 1272 1348; x_wconf 88' lang='lat' dir='ltr'>et</span> <span class='ocrx_word' id='word_1_81' title='bbox 1303 1312 1391 1349; x_wconf 80' lang='lat' dir='ltr'>Alm&#39;</span> <span class='ocrx_word' id='word_1_82' title='bbox 1420 1307 1515 1350; x_wconf 90' lang='lat' dir='ltr'>inde</span> <span class='ocrx_word' id='word_1_83' title='bbox 1547 1323 1571 1350; x_wconf 81' lang='lat' dir='ltr'>a</span> <span class='ocrx_word' id='word_1_84' title='bbox 1600 1309 1703 1352; x_wconf 88' lang='lat' dir='ltr'>Fen-</span> <span class='ocrx_word' id='word_1_85' title='bbox 1774 1332 1777 1360; x_wconf 48' lang='grc' dir='ltr'>χ</span> 
     </span>
     <span class='ocr_line' id='line_1_15' title="bbox 239 1378 1781 1440; baseline 0.001 -11"><span class='ocrx_word' id='word_1_86' title='bbox 239 1389 309 1429; x_wconf 82' lang='lat' dir='ltr'>nia</span> <span class='ocrx_word' id='word_1_87' title='bbox 353 1386 614 1429; x_wconf 80' lang='lat' dir='ltr'>meridionali</span> <span class='ocrx_word' id='word_1_88' title='bbox 658 1400 786 1439; x_wconf 87' lang='lat' dir='ltr'>usqve</span> <span class='ocrx_word' id='word_1_89' title='bbox 830 1386 872 1426; x_wconf 92' lang='lat' dir='ltr'>in</span> <span class='ocrx_word' id='word_1_90' title='bbox 902 1386 1119 1440; x_wconf 81' lang='lat' dir='ltr'>Lapponia</span> <span class='ocrx_word' id='word_1_91' title='bbox 1149 1387 1308 1428; x_wconf 84' lang='lat' dir='ltr'>rossica</span> <span class='ocrx_word' id='word_1_92' title='bbox 1338 1388 1514 1429; x_wconf 83' lang='lat' dir='ltr'>maxime</span> <span class='ocrx_word' id='word_1_93' title='bbox 1545 1387 1704 1430; x_wconf 83' lang='lat' dir='ltr'>boreali</span> <span class='ocrx_word' id='word_1_94' title='bbox 1779 1378 1781 1388; x_wconf 57' lang='lat'><strong>¹</strong></span> 
     </span>
     <span class='ocr_line' id='line_1_16' title="bbox 239 1465 1011 1521; baseline 0 -14"><span class='ocrx_word' id='word_1_95' title='bbox 239 1467 382 1520; x_wconf 83' lang='lat' dir='ltr'>(Kola:</span> <span class='ocrx_word' id='word_1_96' title='bbox 414 1467 539 1521; x_wconf 85' lang='lat' dir='ltr'>ipse),</span> <span class='ocrx_word' id='word_1_97' title='bbox 571 1469 766 1507; x_wconf 87' lang='lat' dir='ltr'>autumno</span> <span class='ocrx_word' id='word_1_98' title='bbox 796 1469 837 1507; x_wconf 89' lang='lat' dir='ltr'>et</span> <span class='ocrx_word' id='word_1_99' title='bbox 866 1465 1011 1507; x_wconf 88' lang='lat' dir='ltr'>hieme.</span> 
     </span>
    </p>

    <p class='ocr_par' dir='ltr' id='par_1_10' title="bbox 240 1550 1703 1755">
     <span class='ocr_line' id='line_1_17' title="bbox 373 1550 1703 1598; baseline 0.002 -12"><span class='ocrx_word' id='word_1_100' title='bbox 373 1553 550 1596; x_wconf 81' lang='lat' dir='ltr'>Gregaria,</span> <span class='ocrx_word' id='word_1_101' title='bbox 592 1553 739 1595; x_wconf 80' lang='lat' dir='ltr'>turgida,</span> <span class='ocrx_word' id='word_1_102' title='bbox 787 1552 970 1596; x_wconf 83' lang='lat' dir='ltr'>pellucida,</span> <span class='ocrx_word' id='word_1_103' title='bbox 1016 1552 1153 1585; x_wconf 80' lang='lat' dir='ltr'>circiter</span> <span class='ocrx_word' id='word_1_104' title='bbox 1189 1550 1209 1585; x_wconf 85' lang='lat'><strong>3</strong></span> <span class='ocrx_word' id='word_1_105' title='bbox 1243 1563 1307 1586; x_wconf 82' lang='lat' dir='ltr'>om.</span> <span class='ocrx_word' id='word_1_106' title='bbox 1337 1553 1419 1586; x_wconf 84' lang='lat' dir='ltr'>lata.</span> <span class='ocrx_word' id='word_1_107' title='bbox 1478 1553 1601 1587; x_wconf 81' lang='lat' dir='ltr'>Discus</span> <span class='ocrx_word' id='word_1_108' title='bbox 1630 1554 1703 1598; x_wconf 80' lang='lat' dir='ltr'>pla·</span> 
     </span>
     <span class='ocr_line' id='line_1_18' title="bbox 241 1631 1703 1676; baseline 0 -10"><span class='ocrx_word' id='word_1_109' title='bbox 241 1643 316 1675; x_wconf 85' lang='lat' dir='ltr'>nus,</span> <span class='ocrx_word' id='word_1_110' title='bbox 360 1633 478 1673; x_wconf 84' lang='lat' dir='ltr'>laevis,</span> <span class='ocrx_word' id='word_1_111' title='bbox 524 1642 587 1665; x_wconf 78' lang='lat' dir='ltr'>nec</span> <span class='ocrx_word' id='word_1_112' title='bbox 631 1634 787 1665; x_wconf 82' lang='lat' dir='ltr'>costatus</span> <span class='ocrx_word' id='word_1_113' title='bbox 817 1631 873 1664; x_wconf 80' lang='lat' dir='ltr'>vel</span> <span class='ocrx_word' id='word_1_114' title='bbox 902 1631 1205 1676; x_wconf 76' lang='lat' dir='ltr'>gyroso-plioatus‚</span> <span class='ocrx_word' id='word_1_115' title='bbox 1237 1631 1297 1665; x_wconf 86' lang='lat' dir='ltr'>sed</span> <span class='ocrx_word' id='word_1_116' title='bbox 1327 1632 1460 1665; x_wconf 88' lang='lat' dir='ltr'>minute</span> <span class='ocrx_word' id='word_1_117' title='bbox 1491 1634 1526 1665; x_wconf 91' lang='lat' dir='ltr'>et</span> <span class='ocrx_word' id='word_1_118' title='bbox 1554 1633 1703 1666; x_wconf 82' lang='lat' dir='ltr'>obtusis-</span> 
     </span>
     <span class='ocr_line' id='line_1_19' title="bbox 240 1706 1701 1755; baseline -0.001 -11"><span class='ocrx_word' id='word_1_119' title='bbox 240 1711 325 1744; x_wconf 84' lang='lat' dir='ltr'>sime</span> <span class='ocrx_word' id='word_1_120' title='bbox 354 1710 552 1755; x_wconf 82' lang='lat' dir='ltr'>papillatus.</span> <span class='ocrx_word' id='word_1_121' title='bbox 611 1710 742 1753; x_wconf 83' lang='lat' dir='ltr'>Sporae</span> <span class='ocrx_word' id='word_1_122' title='bbox 773 1709 969 1753; x_wconf 84' lang='lat' dir='ltr'>elongatae,</span> <span class='ocrx_word' id='word_1_123' title='bbox 1000 1713 1175 1750; x_wconf 80' lang='lat' dir='ltr'>curvatae,</span> <span class='ocrx_word' id='word_1_124' title='bbox 1202 1709 1362 1754; x_wconf 74' lang='lat' dir='ltr'>hyalinae</span> <span class='ocrx_word' id='word_1_125' title='bbox 1392 1710 1517 1753; x_wconf 85' lang='lat' dir='ltr'>longit.</span> <span class='ocrx_word' id='word_1_126' title='bbox 1543 1706 1701 1744; x_wconf 87' lang='lat'>14—16</span> 
     </span>
    </p>
   </div>
   <div class='ocr_carea' id='block_1_10' title="bbox 241 1783 910 1831">
    <p class='ocr_par' dir='ltr' id='par_1_11' title="bbox 241 1783 910 1831">
     <span class='ocr_line' id='line_1_20' title="bbox 241 1783 910 1831; baseline -0.001 -8"><span class='ocrx_word' id='word_1_127' title='bbox 241 1801 370 1831; x_wconf 65' lang='lat' dir='ltr'>mmm„</span> <span class='ocrx_word' id='word_1_128' title='bbox 403 1789 536 1822; x_wconf 83' lang='lat' dir='ltr'>erassit.</span> <span class='ocrx_word' id='word_1_129' title='bbox 570 1788 709 1822; x_wconf 78' lang='lat' dir='ltr'>circiter</span> <span class='ocrx_word' id='word_1_130' title='bbox 739 1783 763 1821; x_wconf 88' lang='grc'>4</span> <span class='ocrx_word' id='word_1_131' title='bbox 794 1800 910 1822; x_wconf 86' lang='lat' dir='ltr'>mmm.</span> 
     </span>
    </p>
   </div>
   <div class='ocr_carea' id='block_1_11' title="bbox 377 1970 1704 2126">
    <p class='ocr_par' dir='ltr' id='par_1_12' title="bbox 377 1970 1704 2126">
     <span class='ocr_line' id='line_1_21' title="bbox 631 1970 1316 2012; baseline 0.003 -2"><span class='ocrx_word' id='word_1_132' title='bbox 631 1970 815 2012; x_wconf 85' lang='lat' dir='ltr'>XLVIII.</span> <span class='ocrx_word' id='word_1_133' title='bbox 866 1970 1217 2012; x_wconf 87' lang='lat' dir='ltr'>NAEMATELIA</span> <span class='ocrx_word' id='word_1_134' title='bbox 1248 1971 1316 2012; x_wconf 63' lang='lat' dir='ltr'>Fa.</span> 
     </span>
     <span class='ocr_line' id='line_1_22' title="bbox 377 2071 1704 2126; baseline -0.001 -13"><span class='ocrx_word' id='word_1_135' title='bbox 377 2075 411 2114; x_wconf 91' lang='lat'>1.</span> <span class='ocrx_word' id='word_1_136' title='bbox 472 2072 519 2112; x_wconf 90' lang='lat' dir='ltr'>N.</span> <span class='ocrx_word' id='word_1_137' title='bbox 551 2072 835 2126; x_wconf 80' lang='lat' dir='ltr'>encephala</span> <span class='ocrx_word' id='word_1_138' title='bbox 875 2072 1064 2125; x_wconf 76' lang='lat' dir='ltr'>(W1L1.1›.)</span> <span class='ocrx_word' id='word_1_139' title='bbox 1097 2073 1164 2112; x_wconf 70' lang='lat' dir='ltr'>Fn.</span> <span class='ocrx_word' id='word_1_140' title='bbox 1198 2073 1303 2126; x_wconf 85' lang='lat' dir='ltr'>Syst.</span> <span class='ocrx_word' id='word_1_141' title='bbox 1336 2086 1426 2126; x_wconf 84' lang='lat' dir='ltr'>myo</span> <span class='ocrx_word' id='word_1_142' title='bbox 1456 2071 1507 2124; x_wconf 80' lang='grc' dir='ltr'>ΙΙ,</span> <span class='ocrx_word' id='word_1_143' title='bbox 1539 2086 1577 2125; x_wconf 89' lang='lat' dir='ltr'>p.</span> <span class='ocrx_word' id='word_1_144' title='bbox 1611 2073 1704 2113; x_wconf 77' lang='lat'>227.</span> 
     </span>
    </p>
   </div>
   <div class='ocr_carea' id='block_1_12' title="bbox 241 2162 1706 2371">
    <p class='ocr_par' dir='ltr' id='par_1_13' title="bbox 241 2162 1706 2371">
     <span class='ocr_line' id='line_1_23' title="bbox 375 2162 1706 2217; baseline -0.001 -13"><span class='ocrx_word' id='word_1_145' title='bbox 375 2163 571 2205; x_wconf 79' lang='lat' dir='ltr'>Solitaria</span> <span class='ocrx_word' id='word_1_146' title='bbox 613 2163 676 2204; x_wconf 88' lang='lat' dir='ltr'>vel</span> <span class='ocrx_word' id='word_1_147' title='bbox 716 2163 964 2217; x_wconf 83' lang='lat' dir='ltr'>caespitosa,</span> <span class='ocrx_word' id='word_1_148' title='bbox 995 2163 1245 2212; x_wconf 84' lang='lat' dir='ltr'>subsessilis,</span> <span class='ocrx_word' id='word_1_149' title='bbox 1277 2162 1500 2216; x_wconf 78' lang='lat' dir='ltr'>pulvinata,</span> <span class='ocrx_word' id='word_1_150' title='bbox 1531 2162 1706 2216; x_wconf 84' lang='lat' dir='ltr'>plicato-</span> 
     </span>
     <span class='ocr_line' id='line_1_24' title="bbox 241 2241 1336 2296; baseline -0.002 -13"><span class='ocrx_word' id='word_1_151' title='bbox 241 2255 405 2296; x_wconf 79' lang='lat' dir='ltr'>rugosa,</span> <span class='ocrx_word' id='word_1_152' title='bbox 438 2241 781 2295; x_wconf 82' lang='lat' dir='ltr'>carneo-pallida,</span> <span class='ocrx_word' id='word_1_153' title='bbox 813 2242 925 2282; x_wconf 82' lang='lat' dir='ltr'>sicca</span> <span class='ocrx_word' id='word_1_154' title='bbox 956 2241 1083 2283; x_wconf 89' lang='lat' dir='ltr'>dilute</span> <span class='ocrx_word' id='word_1_155' title='bbox 1114 2242 1336 2283; x_wconf 82' lang='lat' dir='ltr'>rufofusca.</span> 
     </span>
     <span class='ocr_line' id='line_1_25' title="bbox 374 2323 1703 2371; baseline 0 -11"><span class='ocrx_word' id='word_1_156' title='bbox 374 2327 454 2370; x_wconf 75' lang='lat' dir='ltr'>Syn.</span> <span class='ocrx_word' id='word_1_157' title='bbox 518 2326 688 2359; x_wconf 78' lang='lat' dir='ltr'>Tremella</span> <span class='ocrx_word' id='word_1_158' title='bbox 731 2326 923 2371; x_wconf 76' lang='lat' dir='ltr'>encephala</span> <span class='ocrx_word' id='word_1_159' title='bbox 969 2327 1103 2361; x_wconf 84' lang='lat' dir='ltr'>WILLD.</span> <span class='ocrx_word' id='word_1_160' title='bbox 1147 2328 1183 2361; x_wconf 89' lang='lat' dir='ltr'>in</span> <span class='ocrx_word' id='word_1_161' title='bbox 1226 2329 1307 2362; x_wconf 86' lang='lat' dir='ltr'>Bot.</span> <span class='ocrx_word' id='word_1_162' title='bbox 1339 2327 1429 2371; x_wconf 83' lang='lat' dir='ltr'>Mag.</span> <span class='ocrx_word' id='word_1_163' title='bbox 1461 2327 1488 2367; x_wconf 85' lang='grc' dir='ltr'>Ι,</span> <span class='ocrx_word' id='word_1_164' title='bbox 1519 2338 1553 2371; x_wconf 93' lang='lat' dir='ltr'>p.</span> <span class='ocrx_word' id='word_1_165' title='bbox 1590 2323 1648 2367; x_wconf 87' lang='lat'>17,</span> <span class='ocrx_word' id='word_1_166' title='bbox 1678 2330 1703 2360; x_wconf 87' lang='lat' dir='ltr'>t.</span> 
     </span>
    </p>
   </div>
   <div class='ocr_carea' id='block_1_13' title="bbox 241 2414 1705 2616">
    <p class='ocr_par' dir='ltr' id='par_1_14' title="bbox 241 2414 1705 2616">
     <span class='ocr_line' id='line_1_26' title="bbox 241 2414 1705 2462; baseline 0 -12"><span class='ocrx_word' id='word_1_167' title='bbox 241 2417 304 2458; x_wconf 88' lang='lat' dir='ltr'>IV,</span> <span class='ocrx_word' id='word_1_168' title='bbox 335 2416 358 2449; x_wconf 85' lang='lat' dir='ltr'>f.</span> <span class='ocrx_word' id='word_1_169' title='bbox 395 2414 454 2449; x_wconf 84' lang='lat'>14.</span> <span class='ocrx_word' id='word_1_170' title='bbox 515 2414 739 2449; x_wconf 74' lang='lat' dir='ltr'>Naematelia</span> <span class='ocrx_word' id='word_1_171' title='bbox 781 2415 974 2460; x_wconf 76' lang='lat' dir='ltr'>encepkala</span> <span class='ocrx_word' id='word_1_172' title='bbox 1010 2418 1072 2451; x_wconf 80' lang='lat' dir='ltr'>FR.</span> <span class='ocrx_word' id='word_1_173' title='bbox 1103 2418 1218 2462; x_wconf 80' lang='lat' dir='ltr'>Epior.</span> <span class='ocrx_word' id='word_1_174' title='bbox 1251 2418 1343 2462; x_wconf 78' lang='lat' dir='ltr'>Syst.</span> <span class='ocrx_word' id='word_1_175' title='bbox 1376 2429 1462 2462; x_wconf 76' lang='lat' dir='ltr'>myc.</span> <span class='ocrx_word' id='word_1_176' title='bbox 1495 2429 1527 2461; x_wconf 94' lang='lat' dir='ltr'>p.</span> <span class='ocrx_word' id='word_1_177' title='bbox 1561 2414 1632 2451; x_wconf 82' lang='lat'>591</span> <span class='ocrx_word' id='word_1_178' title='bbox 1669 2421 1705 2450; x_wconf 83' lang='lat' dir='ltr'>et</span> 
     </span>
     <span class='ocr_line' id='line_1_27' title="bbox 242 2491 1311 2539; baseline -0.001 -11"><span class='ocrx_word' id='word_1_179' title='bbox 242 2494 343 2538; x_wconf 78' lang='lat' dir='ltr'>Hym.</span> <span class='ocrx_word' id='word_1_180' title='bbox 374 2504 445 2527; x_wconf 87' lang='lat' dir='ltr'>eur.</span> <span class='ocrx_word' id='word_1_181' title='bbox 479 2504 511 2537; x_wconf 87' lang='lat' dir='ltr'>p.</span> <span class='ocrx_word' id='word_1_182' title='bbox 544 2491 632 2527; x_wconf 87' lang='lat'>696.</span> <span class='ocrx_word' id='word_1_183' title='bbox 692 2494 803 2528; x_wconf 77' lang='lat' dir='ltr'>COOK.</span> <span class='ocrx_word' id='word_1_184' title='bbox 836 2495 923 2528; x_wconf 86' lang='lat' dir='ltr'>Brit.</span> <span class='ocrx_word' id='word_1_185' title='bbox 955 2495 1065 2539; x_wconf 81' lang='lat' dir='ltr'>Fung.</span> <span class='ocrx_word' id='word_1_186' title='bbox 1095 2495 1122 2536; x_wconf 88' lang='grc' dir='ltr'>Ι,</span> <span class='ocrx_word' id='word_1_187' title='bbox 1153 2507 1186 2539; x_wconf 90' lang='lat' dir='ltr'>p.</span> <span class='ocrx_word' id='word_1_188' title='bbox 1222 2493 1311 2528; x_wconf 76' lang='lat'>350.</span> 
     </span>
     <span class='ocr_line' id='line_1_28' title="bbox 375 2572 1106 2616; baseline 0.001 -11"><span class='ocrx_word' id='word_1_189' title='bbox 375 2572 508 2605; x_wconf 82' lang='lat' dir='ltr'>Exsiec.</span> <span class='ocrx_word' id='word_1_190' title='bbox 569 2573 701 2607; x_wconf 77' lang='lat' dir='ltr'>KARs&#39;r.</span> <span class='ocrx_word' id='word_1_191' title='bbox 734 2574 843 2616; x_wconf 86' lang='lat' dir='ltr'>Fung.</span> <span class='ocrx_word' id='word_1_192' title='bbox 872 2574 980 2607; x_wconf 83' lang='lat' dir='ltr'>Fenn.</span> <span class='ocrx_word' id='word_1_193' title='bbox 1018 2572 1106 2608; x_wconf 82' lang='lat'>186.</span> 
     </span>
    </p>
   </div>
   <div class='ocr_carea' id='block_1_14' title="bbox 242 2664 1702 2800">
    <p class='ocr_par' dir='ltr' id='par_1_15' title="bbox 242 2664 1702 2800">
     <span class='ocr_line' id='line_1_29' title="bbox 375 2664 1702 2721; baseline 0.002 -16"><span class='ocrx_word' id='word_1_194' title='bbox 375 2664 481 2705; x_wconf 84' lang='lat' dir='ltr'>Hab.</span> <span class='ocrx_word' id='word_1_195' title='bbox 542 2665 605 2706; x_wconf 91' lang='lat' dir='ltr'>Ad</span> <span class='ocrx_word' id='word_1_196' title='bbox 649 2669 818 2707; x_wconf 81' lang='lat' dir='ltr'>truncos</span> <span class='ocrx_word' id='word_1_197' title='bbox 863 2680 1078 2720; x_wconf 85' lang='lat' dir='ltr'>ramosqve</span> <span class='ocrx_word' id='word_1_198' title='bbox 1108 2670 1316 2708; x_wconf 88' lang='lat' dir='ltr'>emortuos</span> <span class='ocrx_word' id='word_1_199' title='bbox 1344 2665 1489 2721; x_wconf 87' lang='lat' dir='ltr'>pineos</span> <span class='ocrx_word' id='word_1_200' title='bbox 1519 2670 1631 2709; x_wconf 85' lang='lat' dir='ltr'>certe</span> <span class='ocrx_word' id='word_1_201' title='bbox 1661 2666 1702 2708; x_wconf 89' lang='lat' dir='ltr'>in</span> 
     </span>
     <span class='ocr_line' id='line_1_30' title="bbox 242 2743 1702 2800; baseline 0 -15"><span class='ocrx_word' id='word_1_202' title='bbox 242 2748 331 2785; x_wconf 85' lang='lat' dir='ltr'>tota</span> <span class='ocrx_word' id='word_1_203' title='bbox 361 2744 515 2785; x_wconf 81' lang='lat' dir='ltr'>Fennia</span> <span class='ocrx_word' id='word_1_204' title='bbox 546 2747 587 2784; x_wconf 89' lang='lat' dir='ltr'>et</span> <span class='ocrx_word' id='word_1_205' title='bbox 617 2743 833 2798; x_wconf 84' lang='lat' dir='ltr'>Lapponia</span> <span class='ocrx_word' id='word_1_206' title='bbox 864 2745 997 2795; x_wconf 85' lang='lat' dir='ltr'>obvia,</span> <span class='ocrx_word' id='word_1_207' title='bbox 1029 2746 1107 2787; x_wconf 85' lang='lat' dir='ltr'>etsi</span> <span class='ocrx_word' id='word_1_208' title='bbox 1137 2746 1336 2787; x_wconf 81' lang='lat' dir='ltr'>haetenus</span> <span class='ocrx_word' id='word_1_209' title='bbox 1365 2749 1526 2787; x_wconf 85' lang='lat' dir='ltr'>tantum</span> <span class='ocrx_word' id='word_1_210' title='bbox 1547 2745 1587 2786; x_wconf 93' lang='lat' dir='ltr'>in</span> <span class='ocrx_word' id='word_1_211' title='bbox 1610 2759 1702 2800; x_wconf 84' lang='lat' dir='ltr'>par-</span> 
     </span>
    </p>
   </div>
  </div>
 </body>
</html>
