1784 3177
1399 167 1473 206 101

196 311 278 354 Syn.
337 306 517 352 Ayarz'cus
546 306 729 339 umbrosus
759 306 820 339 Fa.
851 305 942 349 Syst.
973 315 1061 350 mye.
1088 305 1116 345 Ι,
1138 315 1170 349 p.
1194 299 1284 345 200,
1306 302 1423 347 Epicr.
1444 302 1535 346 Syst.

61 401 93 433 p.
133 387 206 422 140
239 392 274 422 et
305 389 407 432 Hym.
440 398 512 420 eur.
544 398 577 430 p.
615 383 702 419 186.

194 460 300 501 Hab.
361 460 425 500 Ad
455 463 645 499 truncum
676 459 880 498 vetustum
910 469 1042 509 prope
1074 456 1185 496 Vasa
1215 455 1426 508 specimen
1447 452 1536 493 uni-

60 554 152 581 cum
183 552 322 580 mense
353 540 456 592 Aug.
489 540 707 590 repertum.

192 631 243 655 ³¹⁰²<
275 631 357 682 Ag.
390 631 668 682 petasatus
699 627 768 667 Fa.
802 626 940 679 Epior.
974 626 1079 678 Syst.
1114 639 1216 678 mye.
1247 639 1284 677 p.
1321 626 1409 664 142.

192 709 331 749 Pileus
361 708 624 755 umbonatus,
657 706 814 760 glaber,
847 705 1214 753 albicio-cinereus,
1245 703 1443 756 pellicula
1474 716 1536 742 se-

57 788 236 842 parabili
266 791 414 836 teotus,
447 787 500 827 ad
531 785 711 826 medium
746 785 907 825 demum
927 783 1109 824 striatus.
1158 782 1295 836 Stipes
1312 781 1536 822 fibrilloso-

56 868 240 918 stxiatus,
275 868 438 908 demum
470 866 642 906 fulvens.

189 955 270 998 Syn.
331 952 398 996 Ay.
428 956 613 996 petasatus
643 952 705 984 Fa.
738 951 841 995 Hym.
873 961 943 983 eur.
975 962 1008 993 p.
1045 944 1132 982 186.

190 1037 296 1078 Hab.
356 1036 403 1077 In
446 1034 699 1088 sterqvilinis
746 1038 786 1074 et
832 1033 1100 1074 straminibus
1144 1032 1196 1073 acl
1238 1032 1431 1073 Mustiala
1463 1033 1536 1073 ob-

56 1120 255 1158 servatus.

189 1217 270 1240 *²³*
301 1217 384 1268 Ag.
431 1214 729 1255 sororiatus
770 1213 915 1253 KARST.
947 1213 1076 1266 Fung.
1110 1212 1236 1253 Fenn.
1270 1211 1421 1252 exsioe.
1454 1213 1534 1252 507

56 1300 96 1337 et
139 1296 182 1335 in
226 1295 320 1336 Not.
366 1308 415 1334 ur
461 1293 610 1334 S'allsk.
643 1306 720 1346 pro
751 1292 877 1333 Faun.
917 1294 958 1331 et
987 1290 1097 1332 Flor.
1130 1290 1239 1331 fenn.
1273 1289 1343 1339 IX,
1375 1290 1535 1342 (1868),

54 1389 95 1428 p.
128 1376 220 1416 339.

188 1453 328 1494 Pileus
361 1452 620 1502 earnosulus,
645 1451 1185 1505 campanulato-expansus‚
1210 1448 1535 1502 fioccoso-sqva-

53 1533 248 1583 undosus,
280 1533 431 1581 luteus,
463 1531 649 1585 margine
682 1531 873 1572 striatulo
906 1543 1117 1583 saepeque
1149 1530 1348 1582 repando.
1396 1529 1534 1581 Stipes

51 1613 302 1666 subfarotus,
350 1611 572 1660 sublaevis,
619 1611 774 1665 glaber,
822 1611 1014 1651 deorsum
1054 1611 1312 1650 incrassatus
1344 1612 1385 1650 et
1415 1623 1534 1661 sqva-

52 1693 250 1744 mulosus,
298 1692 493 1745 pallidus,
537 1690 705 1732 tandem
750 1690 973 1731 lutescens.
1034 1690 1245 1731 Lamellae
1290 1689 1534 1731 rotundato-

52 1773 223 1821 liberae,
256 1772 481 1820 confertae,
515 1769 779 1823 oblongatae‚
813 1783 863 1810 ex
895 1769 1115 1811 alboroseo
1148 1783 1338 1819 carneae,
1357 1770 1534 1823 primum

52 1852 142 1894 acie
172 1852 322 1893 luteae.

190 1931 295 1971 Hab.
357 1930 421 1970 Ad
465 1929 579 1983 ligna
610 1928 880 1970 carbonisata
912 1932 953 1970 et
982 1929 1151 1982 putrida
1183 1930 1295 1971 circa
1324 1930 1533 1981 Mustiala,

54 2010 266 2052 mensibus
299 2010 410 2062 Sept.
445 2012 485 2050 et
517 2010 623 2059 Oct„
655 2008 844 2061 pluribus
877 2008 979 2049 loeis
1012 2009 1168 2050 obvius.

188 2097 306 2130 Pileus
344 2093 450 2129 3-6
493 2107 556 2129 cm.
594 2096 697 2128 latus.
758 2096 876 2139 Stipes
913 2096 1052 2129 circiter
1090 2094 1111 2130 6
1142 2108 1205 2130 em.
1237 2098 1340 2130 altus.
1401 2098 1534 2142 Sporae

55 2175 541 2222 ellipsoidewsphaeroideae,
581 2175 711 2219 laeves,
748 2176 1017 2218 uniguttulatae,
1048 2177 1209 2221 hyalinao
1240 2178 1296 2211 vel
1326 2178 1534 2211 dilutissime.

54 2258 295 2298 flavescentes,
322 2255 445 2298 longit.
480 2251 585 2289 7-8
619 2266 747 2296 mmm.²
779 2255 913 2288 crassit.
947 2253 968 2289 6
1001 2268 1117 2290 mmm.

194 2352 284 2391 163.
345 2350 428 2402 Ag.
465 2348 720 2389 salicinus
751 2349 868 2389 PERs.
903 2349 996 2403 Syn.
1030 2350 1158 2404 Fung.
1193 2366 1230 2404 p.
1263 2353 1357 2392 344.

191 2429 329 2470 Pileus
361 2428 618 2477 carnosulus‚
652 2428 1018 2481 convexo-planus,
1045 2429 1388 2480 subumbonatus‚
1419 2432 1534 2473 disco

59 2508 291 2551 obscuriori
335 2507 705 2560 floccoso-rugoso‚
752 2521 773 2548 e
805 2521 960 2561 cyaneo
993 2508 1194 2550 cinereus.
1257 2510 1396 2563 Stipes
1428 2511 1535 2552 farc-

58 2592 136 2638 tus,
166 2587 405 2636 fibrillosus,
440 2586 819 2641 cyaneo-albicans.
882 2587 1091 2628 Lamellae
1121 2588 1280 2630 liberae
1310 2603 1469 2631 roseae.

193 2675 273 2718 Syn.
333 2672 513 2718 Agraricus
551 2673 720 2707 saliemus
755 2674 816 2707 ΡΗ.
855 2673 948 2720 Syst.
988 2686 1076 2720 myc.
1115 2676 1142 2717 1,
1181 2688 1214 2721 p.
1255 2672 1331 2710 202
1365 2679 1401 2709 et
1431 2677 1533 2722 Hym.

60 2765 130 2791 eur,
162 2765 196 2798 p.
234 2750 320 2787 186.
