1784 3177
289 197 369 236 270

232 329 404 361 velucinus
434 328 495 360 Fa.
527 326 644 370 Epicr.
677 326 769 369 Syst.
800 336 887 369 myc.
916 336 950 369 p.
982 322 1060 358 478
1091 328 1128 358 et
1157 324 1248 368 Hym
1279 335 1349 358 eur.
1377 335 1411 368 p.
1435 321 1524 358 568.
1553 324 1688 358 KARs'r.

233 407 322 440 Finl.
352 406 475 449 Polyp.
506 416 539 448 p.
573 401 635 438 38.

362 486 469 528 Hab.
528 486 592 526 Ad
635 488 804 526 truncos
849 484 984 526 varios
1026 484 1068 524 in
1097 484 1256 525 Fennia
1285 485 1453 537 passim.
1511 484 1557 524 In
1587 484 1694 537 Lap-

233 566 361 618 ponia
391 566 549 605 rossica
578 578 710 617 prope
740 563 920 605 Soukelo
949 563 1268 603 observavimus.

363 651 489 684 Junior
531 650 704 691 humidus,
747 650 828 683 dein
874 649 1067 690 induratus,
1113 659 1182 681 non
1226 649 1360 688 nitens;
1404 658 1512 681 zonae
1541 647 1694 691 paullum

237 729 341 762 modo
371 729 601 762 obscuriores.

365 869 430 906 41.
490 866 534 905 Ρ.
567 868 782 905 zonatus
812 864 880 904 Fn.
913 863 1018 917 Syst.
1051 877 1154 917 myc.
1185 863 1215 913 I,
1246 877 1286 916 p.
1319 864 1412 904 368.

364 944 505 985 Pileus
535 943 984 991 suberoso-coriaceus,
1023 955 1242 988 convexus,
1272 942 1432 994 postice
1462 939 1696 981 tuberculo-

236 1036 306 1063 sus
351 1026 392 1063 et
434 1022 597 1076 gibbus,
642 1021 906 1069 subzonatus,
952 1020 1133 1072 villosus,
1180 1033 1348 1072 opacus,
1380 1019 1564 1072 margine
1594 1018 1698 1059 albi-

237 1104 369 1140 cante.
428 1100 525 1140 Pori
555 1099 722 1140 rotundi
752 1098 815 1139 vel
844 1097 1042 1150 angulati,
1074 1097 1232 1146 minuti,
1263 1097 1412 1145 obtusi,
1444 1097 1586 1137 albidi.

370 1187 452 1230 Syn.
510 1184 713 1228 Polyporus
756 1188 906 1216 zonatus
948 1183 1010 1216 Fa.
1055 1168 1184 1227 Epicrs
1219 1183 1310 1226 Syst.
1356 1193 1444 1226 myc.
1481 1193 1516 1226 p.
1554 1179 1632 1215 478
1662 1185 1698 1215 et

237 1265 343 1308 Hym.
376 1274 447 1296 eur.
478 1274 511 1307 p.
545 1259 635 1296 568.
694 1262 830 1294 KAns'r.
861 1261 952 1294 Finl.
983 1261 1105 1304 Polyp.
1137 1272 1170 1304 p.
1203 1257 1265 1294 38.

366 1344 474 1386 Hab.
534 1343 597 1384 Ad
626 1346 795 1383 truncos
826 1342 1020 1383 arborum
1051 1342 1353 1390 frondosarum,
1384 1341 1607 1394 praecipue
1628 1344 1700 1381 Po-

230 1428 318 1475 puli
348 1427 533 1463 tremulae
561 1425 602 1462 et
631 1425 806 1472 Betulae,
838 1434 913 1473 per
942 1424 1074 1461 totum
1104 1420 1357 1460 territorium
1389 1420 1591 1471 freqvens.
1623 1421 1701 1458 Ae-

240 1506 348 1543 state
379 1505 420 1541 et
450 1504 661 1542 autumno.

369 1587 474 1620 Color
502 1586 584 1629 pilei
616 1585 803 1618 variabilis.
850 1595 942 1617 nunc
971 1584 1115 1626 griseus,
1146 1583 1301 1625 margine
1331 1583 1411 1616 albo
1441 1580 1604 1623 (Boletus
1633 1592 1700 1613 αη-

238 1666 380 1709 yulatus
425 1661 586 1706 Senum),
632 1674 725 1696 nunc
769 1663 938 1704 cinereus,
983 1663 1138 1705 margine
1174 1662 1370 1694 latescente
1406 1659 1503 1702 (Boz.
1530 1659 1701 1702 placenta

239 1741 404 1785 Senon),
449 1753 541 1775 nunc
585 1741 782 1782 ochi-accus,
812 1740 928 1773 fasciis
959 1740 1105 1773 cinereis
1135 1743 1171 1772 et
1201 1740 1295 1783 poris
1322 1739 1427 1772 luteis
1457 1736 1556 1780 (Boz.
1587 1736 1700 1770 multi-

239 1822 333 1854 color
363 1815 568 1865 SOHAEFF.)‚
602 1831 694 1853 nunc
724 1824 820 1852 totus
850 1819 1038 1852 ochraceus
1068 1817 1167 1860 (Bol.
1198 1817 1385 1850 ochraceus
1414 1815 1535 1857 PFRS.)

370 1962 436 2000 42.
497 1959 540 1999 Ρ.
583 1958 877 1999 versicolor
921 1957 1065 2009 (ΙΛΝΝ.)
1106 1957 1173 1996 Fa.
1206 1956 1311 2009 Syst.
1340 1969 1443 2008 myc.
1476 1954 1506 2002 I,
1537 1968 1575 2006 p.
1607 1953 1699 1993 368.

372 2038 509 2077 Pileus
554 2037 781 2085 coriaceus,
826 2035 974 2084 tenuis,
1020 2035 1189 2087 rigidus,
1235 2033 1497 2086 applanatus,
1542 2030 1701 2083 postice

244 2116 477 2168 depressus,
522 2115 762 2168 laevigatus,
806 2114 1022 2162 velutinus,
1064 2112 1233 2160 nitidus,
1276 2111 1389 2152 zonis
1429 2108 1703 2150 discoloribus

245 2194 490 2247 variegatus.
550 2194 648 2234 Pori
691 2192 869 2241 rotundi,
910 2191 1019 2231 acuti
1051 2193 1091 2230 et
1120 2190 1260 2239 laceri,
1291 2189 1449 2237 minut-i,
1481 2187 1578 2236 albi,
1609 2186 1703 2227 dein

245 2272 520 2325 pallescentes
553 2272 615 2313 vel
644 2272 907 2312 lutescentes.

374 2357 455 2401 Syn.
522 2355 666 2389 Boletns
694 2356 880 2388 versicolor
909 2356 1012 2388 LINN.
1043 2354 1135 2387 Flor.
1166 2363 1257 2386 svec.
1289 2364 1323 2396 p.
1357 2349 1447 2385 453.
1504 2349 1703 2393 Polyporus

245 2434 430 2467 versicolor
459 2435 520 2467 Fa.
550 2435 666 2478 Epicr.
697 2435 789 2479 Syst.
821 2444 908 2477 myc.
940 2444 973 2476 p.
1006 2429 1084 2465 478
1115 2434 1151 2464 et
1178 2431 1279 2475 Hym.
1301 2440 1372 2463 eur.
1395 2441 1426 2473 p.
1451 2426 1539 2462 568.
1569 2428 1702 2462 KARST.

247 2513 338 2546 Finl.
369 2512 492 2556 Polyp.
525 2522 558 2555 p.
593 2508 655 2544 39.

379 2592 485 2633 Hab.
517 2591 580 2632 Ad
609 2594 777 2631 truncos
807 2591 942 2632 varios
971 2591 1013 2630 in
1040 2589 1196 2631 Fennia
1226 2588 1379 2642 passim
1411 2590 1476 2628 sat
1500 2587 1701 2638 freqvens.

248 2671 296 2712 In
326 2670 541 2725 Lapponia
570 2670 729 2711 rossica
759 2670 812 2710 ad
843 2669 1022 2710 Soukelo
1053 2682 1078 2708 a
1106 2667 1226 2708 nobis
1253 2667 1396 2707 lectus.

380 2757 614 2801 anspitosus,
644 2755 922 2789 subimbricatus.
980 2754 1104 2788 Colore
1133 2753 1274 2787 omnino
1303 2752 1437 2786 ludens.
