1784 3177
1426 203 1475 240 00

70 310 169 360 lino,
209 310 420 364 episporio
459 313 596 354 valido
635 314 728 366 plus
767 316 899 358 minus
938 320 1088 370 fucato,
1130 324 1346 365 reticulato
1379 327 1438 367 vel
1470 342 1532 368 ra-

70 389 157 430 rius
195 390 302 431 laevi
339 391 570 443 praeditae.
631 392 806 446 Hyphae
846 398 1006 449 mycelii
1037 401 1275 443 111embrana
1307 406 1532 455 praeditae,

71 469 336 524 entophytae,
375 469 547 519 liberae,
587 473 907 524 ramosissimae,
940 477 1066 528 septis
1096 480 1330 533 plerumqve
1363 483 1533 523 destitu-

70 551 151 597 tae,
184 550 343 589 meatus
374 548 711 601 parenchymatis
742 550 961 603 hospitalis
983 554 1308 599 interccllulm·es
1330 574 1533 613 occupau-

71 629 135 668 tes
172 629 213 668 et
252 626 470 668 haustoria
497 640 623 680 saepe
654 627 695 668 in
727 631 959 682 penetralia
990 633 1229 676 cellularum
1262 638 1440 689 ipsarum
1474 640 1533 679 in-

71 706 301 748 trudentes.

204 818 275 859 IV.
335 817 739 859 PERONOSPORA
771 818 888 860 Coun.
920 820 1031 863 Icon.
1063 823 1190 878 Fung.
1224 825 1253 875 Ι,
1286 841 1322 879 p.
1356 829 1420 866 20.

206 896 382 951 Hyphae
420 896 871 950 zoosporangiiphorae
911 900 1121 943 solitariae
1162 903 1223 943 vel
1267 905 1532 947 fasciculatae

73 989 96 1018 e
133 975 382 1017 stomatibus
422 975 486 1016 vel
524 975 685 1016 cellulis
723 975 989 1029 epidermidis
1020 980 1240 1031 perforatis
1269 982 1434 1034 plautae
1466 984 1536 1024 lio-

73 1055 209 1108 spitae
254 1053 528 1107 egredientes,
575 1053 879 1107 cylinclraceae,
920 1070 1122 1107 ramosae,
1163 1062 1202 1098 et
1237 1063 1535 1115 zoosporangia

74 1133 263 1176 solitaria
292 1133 334 1174 in
365 1132 556 1186 apicibus
588 1146 798 1174 ramorum
829 1136 1052 1176 attenuatis
1083 1141 1282 1190 gerentes.

206 1235 255 1276 V.
314 1234 724 1276 PHYTOPTHORA
755 1235 814 1274 DE
846 1236 889 1276 Β.
922 1236 965 1276 in
994 1236 1135 1278 Journ.
1164 1238 1263 1292 Roy.
1287 1240 1420 1292 Agric.
1444 1241 1534 1282 Soc.

73 1327 153 1356 ser.
183 1314 238 1364 II,
269 1314 347 1355 vol.
378 1313 471 1364 XII,
501 1316 610 1366 part.
642 1313 676 1363 Ι,
708 1327 775 1354 nto
807 1316 873 1365 23,
908 1316 1026 1355 1876.

207 1392 522 1446 Zoosporangia
560 1405 635 1446 per
665 1392 815 1446 pluria,
847 1392 889 1433 in
921 1393 1110 1446 apicibus
1140 1407 1345 1436 ramorum
1378 1409 1537 1438 succes-

74 1471 158 1514 sive
189 1475 400 1525 generata.

208 1573 278 1614 VI.
339 1572 617 1614 CYSTOPUS
648 1572 748 1613 an.

210 1651 387 1707 Hyphae
417 1651 871 1704 zoosporangiiphorae
907 1650 1126 1704 simplices,
1159 1651 1307 1700 laeves,
1340 1652 1541 1706 cylindra-

61 1719 177 1772 'ceae
207 1730 270 1772 vel
301 1730 502 1778 clavatae,
535 1729 842 1780 obtusissimae‚
874 1729 914 1769 in
943 1729 1067 1770 ramis
1090 1730 1251 1784 mycelii
1273 1730 1538 1771 fasciculatac

78 1814 201 1863 atqve
230 1809 273 1850 in
304 1822 423 1851 soros
453 1808 690 1862 pulvinatos
721 1808 1006 1861 copiosissime
1037 1812 1330 1862 congregatam
1358 1809 1542 1863 singulae

79 1889 198 1943 apice
228 1888 628 1942 zoosporangiorum
658 1887 806 1929 seriem
844 1887 1160 1928 moniliformem
1191 1890 1392 1940 gerentes.
1453 1888 1543 1927 Sori

79 1967 336 2022 epidermide
374 1967 545 2020 plantae
584 1967 758 2007 nutricis
797 1967 930 2019 primo
969 1965 1081 2014 tecti,
1119 1966 1210 2006 dein
1251 1965 1543 2018 epidermidem

82 2047 365 2100 dirumpentes
397 2048 438 2087 et
463 2046 769 2099 zoosperangia
791 2049 953 2086 matura
974 2045 1273 2098 dispergentes,
1297 2043 1459 2084 candidi
1482 2043 1542 2084 vel

81 2125 346 2166 lutescentes.
406 2124 724 2178 Zoosporangia
768 2127 839 2164 aut
884 2122 1048 2164 omnino
1088 2121 1327 2170 conformia,
1366 2121 1544 2174 hyalina,

82 2217 310 2256 zoosporas
348 2203 573 2257 gignentia,
615 2205 687 2243 aut
723 2201 941 2250 difformia,
973 2201 1150 2253 plurima
1180 2199 1345 2252 hyalina
1374 2211 1545 2250 zoospo-

83 2282 238 2336 ripara,
278 2295 414 2335 pauca
452 2285 604 2331 autern,
636 2281 678 2321 in
709 2280 851 2322 monili
888 2279 1134 2327 terminalia,
1167 2277 1406 2317 membrana
1438 2288 1545 2316 eras-

85 2361 195 2403 siore
227 2374 353 2414 saepe
384 2361 616 2402 lutescente
646 2359 848 2413 praedita,
881 2361 951 2399 aut
971 2356 1239 2411 germinando
1260 2354 1402 2395 tubum
1426 2354 1546 2405 simp-

85 2439 207 2481 licem
235 2440 527 2493 protrudentia
557 2443 630 2480 aut
659 2438 831 2480 sterilia.

377 2567 514 2612 Fam.
551 2566 646 2610 111.
718 2560 1256 2610 CHYTRIDIACEAE.

221 2650 443 2706 Mycelium
481 2652 649 2701 nudum,
687 2650 928 2691 membrana
965 2659 1121 2695 carens,
1164 2643 1325 2684 mobile.
1384 2642 1547 2693 Organa

91 2731 402 2783 reproduetiva:
443 2731 618 2772 cellulae
657 2729 930 2782 perdurantes
967 2725 1138 2766 cellulas
1170 2720 1402 2761 matriculos
1434 2734 1548 2759 zoos-
