1784 3177
1387 193 1466 232 239

51 327 141 360 Dan.
171 327 197 359 t.
232 321 348 357 1555.
406 321 601 355 Daedalea
638 320 791 355 betulina
820 323 882 357 Fa.
913 324 1003 368 Syst.
1036 336 1123 370 mys.
1156 326 1183 364 Ῐ,
1215 337 1247 369 p.
1281 324 1370 360 333.
1431 326 1522 360 Len-

51 405 133 438 ziles
162 402 316 436 betzdina
346 402 409 435 Fa.
440 400 545 446 Hym.
578 411 650 435 eur.
682 412 714 445 p.
747 399 839 436 493.

182 484 318 517 Exsicc.
378 482 514 516 KARST.
546 481 657 524 Fung.
688 482 798 516 Fenn.
838 479 924 516 112.

184 555 292 597 Hah.
353 554 417 595 Ad
461 558 632 594 truncos
677 557 840 595 Betulae
892 555 934 594 in
987 555 1140 596 Fennia
1189 558 1361 599 australi
1414 558 1524 599 haud

51 649 148 677 raro
179 633 312 676 obvia.
371 633 584 674 Perennis.

188 736 285 777 Var.
332 738 370 790 β.
412 747 562 785 porosa
616 733 760 773 Kfflsw.
809 734 929 788 Sydv.
974 734 1076 774 Finl.
1115 735 1256 789 Polyp.
1303 750 1341 788 p.
1375 738 1438 776 45.
1472 762 1522 766 —-

53 815 301 869 Hymenium
332 827 543 867 porosum.
575 838 628 843 —-
660 812 706 852 In
739 813 907 866 regione
938 800 1132 863 ssiboensi,
1161 813 1449 867 Lenisj'oholm,
1473 815 1525 855 vi-

56 894 203 935 dimus.

186 985 224 1025 2.
284 983 328 1024 L.
361 981 807 1036 septentrionalis
838 981 980 1023 KARST.
1012 981 1157 1023 Enum.
1189 982 1316 1037 Fung.
1348 986 1389 1024 et
1418 983 1524 1038 Myx.

56 1065 97 1105 in
128 1064 258 1117 Lapp.
293 1062 439 1104 orient.
471 1062 566 1103 lect.
598 1075 638 1114 p.
675 1063 765 1102 199.

186 1143 326 1183 Pileus
371 1141 543 1190 sessilis,
590 1141 845 1190 dimidiatus,
881 1140 1144 1190 convexulus,
1175 1141 1334 1194 postice
1366 1141 1526 1194 gibbus,

56 1220 547 1269 floccoso-fonien‘carius,
587 1219 1009 1274 radiato-rugulosus,
1040 1219 1274 1272 pallescens
1305 1219 1368 1260 vel
1398 1219 1529 1260 fusce-

55 1300 405 1354 scenti-pallidus,
438 1299 656 1341 obscurius
688 1302 874 1348 zonatus,
897 1298 1177 1352 glabrescens,
1200 1298 1384 1351 margine
1405 1311 1529 1338 mem-

54 1380 278 1431 branaceo,
310 1379 636 1433 subnigricante.
697 1378 907 1420 Lamellae
938 1377 1161 1431 simplices,
1192 1376 1414 1427 confertae,
1438 1391 1530 1418 ven-

54 1459 249 1509 tricosae,
282 1458 525 1509 latissimae,
555 1458 700 1500 fuscae
730 1457 794 1499 vel
824 1457 1092 1499 atro-fuscae.

181 1538 289 1580 Hab.
329 1538 395 1579 Ad
425 1539 609 1579 Beculam
637 1538 679 1578 in
709 1537 928 1591 Lapponia
957 1537 1117 1577 rossica
1134 1535 1393 1577 meridionali
1410 1536 1529 1589 (Sou-

54 1621 150 1662 kelo
196 1610 238 1661 eb
283 1619 426 1661 Kniisa
470 1619 602 1674 guba:
648 1618 757 1672 ipse)
803 1621 844 1659 et
889 1615 1180 1659 Ostrobottnia
1210 1614 1370 1656 boreali
1400 1614 1530 1666 (Kuu—

57 1712 192 1741 samo:
223 1699 347 1753 ipse).

189 1814 227 1854 3.
257 1812 302 1853 L.
336 1811 611 1866 saepiaria
641 1810 815 1865 (Wunr.)
846 1809 916 1850 Fa.
948 1808 1086 1862 Epicr.
1119 1808 1224 1862 Syst.
1248 1821 1349 1860 myc.
1373 1821 1411 1859 p.
1435 1808 1527 1847 407.

188 1890 329 1933 Pileus
374 1890 545 1941 sessilis,
586 1889 884 1944 planiusculus,
915 1888 1141 1937 coriaceus,
1174 1886 1312 1935 durus,
1344 1888 1529 1933 zonatus,

56 1970 529 2025 strigoso-tomentosus,
575 1983 813 2023 scruposus,
860 1967 1079 2021 spadiceus
1123 1966 1186 2007 vel
1215 1965 1361 2014 fulvus,
1393 1964 1529 2005 exole-

56 2053 123 2090 tus
153 2050 294 2091 fuscus
325 2049 389 2091 vel
419 2050 673 2104 nigrescens,
705 2047 891 2102 margine
915 2046 1155 2087 lu‘cescente.
1188 2043 1397 2084 Lamellae
1420 2056 1529 2084 cras-

58 2130 278 2180 siusculae,
310 2143 515 2180 ramosae,
555 2130 929 2177 anastomosantes,
961 2126 1224 2174 luteseentes,
1257 2123 1418 2164 demum
1451 2122 1529 2162 fer·

57 2209 268 2263 rugineae.

191 2297 272 2341 Syn.
333 2294 515 2341 Ayaricus
558 2296 763 2340 saepiarius
806 2294 928 2329 WULF.
975 2293 1011 2326 in
1055 2291 1155 2335 Jacq.
1195 2290 1340 2333 Coll.1,
1372 2302 1404 2334 p.
1440 2287 1526 2324 347.

57 2374 253 2410 Daedalea
297 2377 487 2422 saepiaria
532 2378 594 2411 Fa.
638 2377 728 2421 Syst.
775 2385 863 2419 myc.
908 2385 942 2417 p.
988 2369 1078 2405 333.
1136 2371 1270 2404 KARST.
1303 2366 1407 2414 Sydv.
1440 2369 1527 2402 Finl.

58 2456 182 2501 Polop.
212 2469 247 2501 p.
280 2454 344 2491 45.
404 2457 568 2490 Lenzites
597 2455 784 2500 saepiaria
815 2454 876 2487 FR.
907 2452 1011 2496 Hym.
1045 2461 1116 2485 eur.
1150 2447 1242 2484 494.

183 2537 319 2571 Exsicc.
378 2538 515 2572 KARsT.
546 2538 657 2579 Fung.
691 2536 799 2569 Fenn.
833 2531 894 2567 88.

186 2620 292 2661 Hab.
354 2621 418 2661 Ad
462 2620 576 2673 ligna
621 2619 745 2672 pinea
788 2630 862 2669 per
906 2617 1036 2655 totam
1070 2612 1263 2653 Fenniam
1297 2614 1337 2651 et
1367 2610 1526 2661 Lappo-

61 2697 170 2739 niam
202 2699 408 2752 freqvens.
467 2698 680 2739 Perennis.

184 2786 303 2820 Pileus
333 2787 527 2829 elongatus,
559 2796 662 2829 saepe
694 2781 1027 2816 soriam-confluens.
