1784 3177
1399 160 1449 194 ⁴.)ss

390 274 527 321 Fam.
564 275 631 321 II.
703 276 1171 328 DIDYMIACEAE.

180 372 416 427 Sporangia
445 373 689 415 membrana
720 375 899 428 simplici
930 378 992 417 vel
1023 379 1189 432 duplici,
1222 384 1415 436 crystalla
1448 387 1504 424 wl

44 452 232 507 granula,
263 465 389 505 saepe
418 451 461 492 in
491 457 673 494 crustam
705 467 900 504 crassam,
932 456 1116 509 fragilem
1141 462 1448 511 conglomerata
1469 468 1509 503 (et

45 532 318 586 adgffltiuata,
349 531 600 573 includente.
661 533 915 586 Capillitium
948 534 1102 586 floccis,
1134 552 1228 580 raro
1258 541 1425 590 tubulis,
1451 546 1509 582 te-

44 612 248 665 nerrimis,
280 611 438 658 solidis,
470 611 667 653 violaceis
698 613 761 653 vel
791 613 982 667 hyaliffis,
1015 617 1254 668 aeqvalibus
1276 620 1507 662 formatum.

46 691 188 733 Flocci
219 705 240 732 e
272 690 365 732 basi
396 691 612 744 sporangii
642 691 705 732 vel
737 692 958 734 columella
989 700 1263 749 assurgentes,
1289 698 1420 739 latera
1443 714 1510 752 pe-

44 773 192 822 tentes,
224 769 434 823 simplices
464 769 527 811 vel
556 770 685 810 ramis
717 771 874 823 sparsis
904 772 1154 813 reticulatim
1187 776 1407 828 conjuncti,
1430 777 1509 818 lac-

44 863 113 891 ves
143 849 208 891 vel
237 848 566 903 protuberantiis
597 849 889 892 concoloribus
919 853 1112 904 praediti,
1144 854 1355 895 rarissime
1379 855 1510 896 calea-

43 929 116 971 rei.
178 927 409 970 Columella
437 928 573 969 forma
604 927 723 969 valde
754 929 879 970 varia.

178 1075 269 1117 VH.
329 1074 811 1116 CHONDRIODERMA
855 1077 1020 1120 Rosmv.
1058 1078 1174 1120 Vers.
1215 1079 1322 1134 Syst.
1364 1081 1508 1135 Myect.

43 1170 83 1210 p.
119 1157 182 1197 13.

178 1234 413 1288 Sporangia
443 1233 607 1276 sessilia
637 1234 701 1276 vel
732 1235 934 1289 stipitata,
966 1236 1251 1290 irregulariter
1281 1241 1353 1278 aut
1375 1238 1512 1279 stella-

42 1314 117 1355 tim
149 1314 419 1364 dehiscentia,
451 1313 694 1355 membrana
724 1315 903 1368 simplici
933 1315 997 1357 vel
1018 1316 1184 1369 duplici,
1208 1317 1401 1358 exteriori
1423 1332 1513 1371 gra-

44 1393 153 1434 nulis
198 1392 400 1435 calcareis
445 1393 707 1435 difformibus
752 1397 864 1435 tecta
909 1398 993 1445 aut,
1035 1394 1183 1436 iisdem
1228 1397 1509 1448 accumulatis,

45 1476 275 1523 crustacea,
308 1473 501 1523 discreta,
531 1473 735 1524 interiori,
767 1473 802 1515 si
831 1474 963 1525 adest,
992 1475 1216 1517 tenerrimo
1247 1476 1359 1517 calce
1392 1476 1515 1517 desti-

45 1556 147 1604 tuta,
179 1553 380 1595 vibrante.
440 1553 672 1595 Columella
700 1567 912 1608 praesens.

179 1700 291 1743 VIII.
350 1701 638 1743 DIDYMIUM
677 1701 875 1755 (Senium.)
911 1702 1075 1743 Rosmr.
1113 1691 1306 1744 Sluzowc.
1343 1716 1381 1755 p.
1423 1704 1511 1743 150.

180 1781 415 1836 Sporangia
450 1782 615 1824 sessilia
650 1782 714 1824 vel
754 1782 955 1835 stipitata‚
986 1781 1272 1835 irregulariter
1302 1781 1513 1822 dehiscen-

45 1861 117 1912 tia,
154 1861 398 1903 membrana
434 1861 616 1915 simplici
650 1862 716 1904 vel
751 1861 919 1915 duplici,
951 1860 1147 1902 exteriori
1189 1860 1393 1914 crystallis
1430 1861 1511 1900 cal-

46 1940 181 1982 careis
231 1940 434 1995 dispersis
483 1941 548 1984 vel
595 1942 639 1983 in
688 1941 917 1983 crustulam
962 1939 1238 1993 separabilem
1283 1939 1513 1993 adglutina-

49 2019 104 2060 tis
134 2022 258 2062 tecta.

181 2167 253 2208 IX.
313 2167 713 2209 LEPIDODERMA
745 2167 826 2219 (DE
857 2166 903 2208 B.
936 2165 1055 2220 Mss.)
1079 2165 1240 2205 Ros-1:³1³.
1269 2164 1381 2205 Vers.
1406 2165 1512 2218 Syst.

47 2244 196 2300 Mycet.
227 2259 268 2299 p.
302 2248 352 2288 13

182 2325 417 2380 Sporangia
432 2325 595 2368 sessilia
616 2326 679 2368 vel
700 2325 902 2379 stipitata,
924 2322 1098 2364 subinde
1119 2321 1365 2375 irregularia
1386 2321 1514 2375 (plas-

48 2404 351 2458 modiocarpa)‚
387 2405 632 2447 membrana
667 2404 857 2458 simplici,
896 2401 1120 2455 sqvamulis
1156 2400 1398 2449 numerosis,
1432 2414 1512 2438 ma-

43 2482 232 2537 jusculis,
263 2482 407 2524 liberis
437 2483 501 2525 vel
530 2483 573 2524 in
604 2482 739 2524 caveis
765 2479 1079 2523 lenticularibus
1100 2478 1363 2520 membranae
1386 2477 1512 2517 inclu-

48 2562 118 2613 sis,
163 2576 239 2617 pro
284 2562 465 2604 maxima
509 2566 628 2617 parte
674 2562 829 2604 calcem
866 2559 1173 2602 continentibus
1212 2561 1334 2599 tecta.
1393 2556 1511 2597 Colu-

49 2641 175 2684 mella
205 2642 326 2697 vulgo
356 2643 589 2685 manifesta.
