1784 3177
311 173 391 212 282

383 298 487 339 Hab.
547 299 611 339 Ad
653 302 822 340 truncos
865 301 1060 342 arborum
1090 302 1379 344 frondosarum
1411 317 1486 357 per
1513 305 1709 347 Fenniam

249 378 290 417 et
318 376 577 429 Lapponiam
606 380 735 420 totam
768 379 1063 433 vulgatissima.

381 462 496 505 Vulgo
526 464 719 505 imbricata,
750 465 891 499 humida
920 466 1099 509 fuliginea,
1131 467 1223 500 sicca
1253 468 1512 512 albido-grisea.

666 590 796 632 XXII.
858 592 1136 634 MERULIUS
1169 594 1290 634 HALL.

381 678 490 719 Sect.
521 679 551 719 I.
611 679 856 733 Hymenium
902 682 1055 722 nudum
1101 683 1162 724 vel
1208 684 1342 736 sporis
1387 684 1493 726 albis
1524 686 1711 728 obsolete

246 757 499 809 pruinosum.

380 860 427 898 A.
487 858 625 900 Pileus
657 858 999 911 effuso-reflexus,
1032 863 1189 903 ambitu
1221 863 1507 905 determinato.

384 950 417 987 1.
479 947 532 988 M.
566 949 896 991 tremellosus
928 950 1090 991 Sennea).
1123 953 1231 1005 Spic.
1264 967 1301 1005 p.
1337 955 1426 993 139.

382 1025 519 1067 Pileus
549 1028 828 1080 resupinatus,
861 1029 955 1069 dein
987 1029 1092 1070 liber
1124 1032 1184 1071 vel
1214 1030 1403 1080 reflexus,
1436 1036 1712 1074 carnoso-tre-

247 1104 456 1154 messosus,
487 1108 757 1155 tolnentosus‚
790 1106 921 1156 albus,
954 1109 1139 1162 margine
1170 1110 1536 1151 dentato-radiato.
1575 1111 1713 1152 Plicae

247 1196 436 1234 porosae‚
468 1184 620 1232 variae,
650 1183 919 1225 rubicundae.

380 1269 461 1312 Syn.
521 1267 693 1302 Mei-nlius
738 1270 946 1304 tremellosus
976 1272 1037 1306 ΕΒ.
1069 1273 1278 1318 Syst.1nyc.
1324 1274 1351 1314 Ι,
1397 1285 1430 1318 p.
1478 1270 1568 1314 327,
1597 1275 1713 1320 Epicr.

247 1347 337 1390 Syst.
368 1358 401 1390 p.
434 1345 512 1381 500
545 1351 580 1381 et
609 1348 713 1392 Hym.
747 1360 817 1382 eur.
850 1361 883 1393 p.
918 1347 1007 1383 591.

380 1426 513 1459 Exsicc.
571 1428 705 1461 KARST.
737 1428 848 1471 Fung.
881 1429 990 1462 Fenn.
1025 1426 1115 1463 243.

381 1508 486 1548 Hab.
546 1510 611 1550 Ad
640 1513 808 1551 truncos
840 1511 1034 1552 arborum
1064 1512 1352 1553 frondosarum
1385 1528 1459 1566 per
1479 1516 1608 1556 totum
1631 1518 1712 1555 ter-

246 1586 435 1628 ritorium
466 1591 532 1628 sat
561 1588 764 1641 freqvens.
824 1589 1036 1631 Mensibus
1067 1591 1329 1644 Augu—Dec.

381 1674 493 1707 Carne
537 1675 979 1719 gelatinoso-eartilaginea
1022 1687 1103 1710 mox
1147 1677 1321 1719 dignotus.
1379 1679 1510 1722 Sporae
1541 1680 1710 1723 cylindra-

249 1761 339 1793 ceae,
373 1753 544 1794 curvulae,
576 1754 746 1797 hyalinae,
777 1755 900 1798 longit.
934 1755 1073 1788 circiter
1105 1754 1127 1787 4
1158 1767 1285 1796 mmm„
1318 1758 1441 1791 crassis,
1475 1757 1489 1790 1
1525 1769 1641 1791 mmm.

381 1870 418 1908 2.
480 1869 532 1910 M.
566 1869 740 1910 niveus
771 1870 839 1909 FB.
873 1869 1040 1911 Elench.
1074 1871 1200 1925 Fung.
1234 1872 1263 1921 Ι,
1295 1886 1333 1924 p.
1366 1875 1430 1913 59.

382 1948 520 1989 Pileus
565 1949 1017 2001 resupinato-reflexus,
1063 1950 1415 2000 membranaceus,
1448 1951 1596 2000 mollis,
1626 1951 1711 2006 gla-

248 2026 333 2075 ber,
365 2028 524 2079 postice
570 2032 712 2068 centro
741 2028 918 2068 adn-utus
951 2033 991 2068 et
1022 2030 1199 2082 undiqve
1229 2030 1346 2079 liber,
1379 2044 1555 2084 superne
1586 2031 1712 2071 dilate

250 2106 719 2159 ochraceo-pallescens‚
765 2107 829 2147 bis
875 2111 946 2147 aut
989 2111 1052 2148 ter
1093 2111 1278 2158 zonatus,
1318 2109 1544 2162 marginem
1574 2122 1712 2149 versus

249 2185 466 2226 albescens
496 2186 560 2227 vel
591 2186 722 2235 albus,
754 2187 845 2238 ipso
879 2187 1063 2238 margine
1084 2187 1405 2229 innato-villoso.
1466 2188 1708 2242 Hymenium

249 2263 401 2312 album,
435 2264 579 2305 crebre
622 2265 1051 2317 intricato-plicatmn,
1089 2265 1209 2318 plicis
1238 2266 1545 2319 rugiformibus,
1577 2266 1711 2307 sinuo-

250 2343 305 2382 sis
337 2343 679 2394 prominentibus.

382 2429 463 2472 Syn.
521 2428 694 2462 Μενιιῖίιιε
732 2431 852 2462 niveus
888 2431 950 2464 FR.
980 2431 1098 2475 Epicr.
1130 2431 1222 2474 Syst.
1253 2442 1339 2474 myc.
1370 2442 1404 2474 p.
1436 2428 1509 2463 501
1545 2435 1579 2464 et
1609 2430 1709 2474 Hym.

251 2517 323 2540 eur.
355 2519 389 2551 p.
421 2502 511 2540 592.

378 2586 511 2619 Exsicc.
569 2587 703 2620 KARST.
734 2588 844 2631 Fung.
876 2587 985 2622 Fenn.
1018 2585 1107 2621 244.

382 2667 487 2708 Hab.
548 2669 611 2708 Ad
656 2674 784 2718 Aluos,
830 2683 924 2711 raro
960 2671 1134 2720 Bendas,
1166 2673 1464 2723 putrescentes,
1496 2670 1606 2723 apud
1636 2681 1708 2709 nos

249 2746 614 2799 freqventsssimus,
646 2752 842 2788 autumno
874 2749 1020 2789 seriori
1050 2753 1091 2789 et
1121 2749 1266 2788 hieme.
