1784 3177
335 223 384 261 12

442 349 530 388 xx.
590 349 912 392 PoLYPonus
942 352 1012 392 Fa.
1073 352 1171 393 Obs.
1204 367 1306 407 myo.
1338 354 1370 404 Ι,
1402 368 1440 407 p.
1477 356 1566 395 121.

406 427 651 481 Hymenium
695 442 902 480 porosum.
976 430 1340 484 Hymenophorum
1380 433 1487 474 inter
1530 447 1654 486 poros
1692 436 1733 476 in

273 508 447 545 tramam
488 505 754 547 descendens.
828 508 924 549 Pori
964 509 1059 549 hinc
1090 523 1181 550 cum
1212 510 1311 563 pilei
1342 515 1537 553 contextu
1568 515 1734 555 connati

271 596 347 623 nec
377 597 401 623 a
431 597 475 624 se
504 584 678 625 invicem
718 586 987 638 separabiles,
1024 588 1202 638 rotundi,
1240 589 1425 642 angulati
1454 590 1517 631 vel
1547 590 1731 633 lacerati.

272 661 431 713 Sporae
469 665 514 702 ut
551 663 772 715 plurimum
809 665 993 718 exiguae,
1026 666 1158 707 forma
1188 667 1338 718 variae,
1370 669 1490 723 vulgo
1521 669 1732 723 sphaeroi-

271 738 372 779 deae
402 739 464 780 vel
495 740 703 790 ovoideae,
735 742 828 794 plus
859 743 992 784 minus
1024 744 1245 786 coloratae.

400 826 544 858 Plurimi
583 827 767 869 lignaffles,
809 829 1048 872 persistentes,
1087 831 1209 873 pileati
1250 833 1305 864 vel
1347 833 1455 866 effusi.
1520 835 1603 868 Pori
1640 848 1731 870 nunc

268 906 415 936 stratum
444 904 632 948 proprium,
664 917 755 938 nunc
786 906 876 940 haud
907 907 1176 951 heterogeneum
1207 910 1368 944 formant.

430 1008 540 1049 XXI.
599 1010 897 1052 DAEDALEA
928 1013 1045 1053 Psssss.
1107 1015 1202 1068 Syn.
1235 1015 1363 1070 Fung.
1394 1031 1433 1069 p.
1465 1020 1558 1059 449.

396 1087 492 1128 Pori
534 1087 654 1138 firmi,
702 1089 871 1139 sinuosi,
920 1091 1313 1145 labyrinthiformes‚
1354 1098 1528 1136 stratum
1567 1096 1727 1137 hetero-

264 1178 437 1218 geneum
468 1166 578 1206 haud
608 1166 846 1209 formantes.

396 1252 597 1294 Lignatiles,
643 1253 808 1293 indurati,
839 1257 1004 1288 contextu
1050 1257 1197 1291 floecoso
1241 1259 1276 1291 in
1322 1262 1466 1291 tramam
1507 1260 1724 1294 immutatam

263 1328 507 1362 descendente.
569 1331 691 1363 Potius
720 1331 808 1364 forte
840 1335 878 1364 ut
909 1334 1083 1375 subgenus
1113 1334 1286 1378 Polypori
1316 1338 1576 1371 consideranda.

428 1435 558 1476 XXII.
621 1437 898 1480 MERULIUS
931 1440 1000 1479 Fu.
1061 1441 1168 1494 Syst.
1200 1457 1302 1496 myc.
1334 1443 1365 1492 Ι,
1397 1457 1435 1495 p.
1470 1445 1562 1484 326.

393 1513 713 1567 Receptaculum
746 1530 767 1556 e
799 1517 971 1570 mycelio
1003 1522 1196 1561 contexto
1228 1521 1469 1562 mucedineo
1490 1521 1722 1571 formatum,

259 1590 448 1643 hymenio
499 1594 819 1644 ceramo-molli,
871 1597 1077 1651 contiguo,
1127 1598 1344 1651 superficie
1394 1600 1514 1652 plicis
1563 1600 1722 1642 obtusis

258 1669 488 1719 reticulato,
535 1672 784 1725 incomplete
831 1687 996 1726 pomso,
1043 1676 1206 1716 demum
1256 1691 1405 1730 gyroso
1455 1677 1720 1731 obsoleteqve

260 1745 440 1788 dentato.
510 1749 668 1801 Sporae
705 1749 973 1803 ellipsoideae
1013 1753 1074 1793 vel
1106 1753 1405 1807 cylindraceae,
1436 1755 1627 1810 hyalinae
1657 1757 1720 1798 vel

259 1824 469 1867 subflavae
498 1827 549 1879 (s.
578 1827 624 1880 1.)

390 1910 501 1954 Fungi
531 1913 726 1956 lignicolae,
758 1916 965 1957 mucedinei,
996 1918 1157 1960 primitus
1187 1919 1310 1951 saltem
1340 1920 1543 1963 resupinati.

455 2017 603 2060 XXIII.
664 2019 897 2061 SOLENIA
927 2022 1044 2063 PERs.
1104 2023 1208 2077 Myc.
1241 2037 1325 2065 eur.
1357 2039 1396 2078 p.
1429 2027 1522 2066 334.

390 2093 711 2147 Receptaculum
743 2098 974 2140 obsoletum
1004 2100 1066 2141 vel
1094 2101 1264 2142 nullum.
1323 2102 1569 2157 Hymenium
1598 2101 1718 2143 tubu-

258 2169 402 2210 losum.
470 2172 618 2214 Tubuli
656 2189 680 2215 a
718 2189 762 2216 se
800 2176 973 2219 invicem
1014 2177 1195 2230 discreti,
1225 2181 1359 2233 primo
1397 2182 1540 2231 clausi,
1571 2180 1718 2234 subcy-

258 2247 471 2299 lindracei,
502 2251 713 2293 turbinati.

393 2332 560 2377 Cyphezlis
590 2338 737 2371 maxime
767 2339 870 2372 affine
899 2351 1018 2384 genus.

708 2455 880 2494 Subfam.
912 2456 948 2495 3.
1006 2457 1269 2498 HYDNEAE.

390 2536 711 2590 Receptaculum
741 2542 938 2593 pileatum
965 2545 1029 2585 vel
1051 2546 1217 2599 saepius
1238 2547 1425 2589 effusum.
1470 2547 1715 2601 Hymenium

256 2612 432 2653 inferum
476 2616 538 2656 vel
582 2619 910 2673 amphigeneum‚
955 2624 1068 2664 vario
1113 2625 1235 2665 modo
1274 2625 1315 2666 in
1346 2626 1526 2675 aculeos,
1558 2625 1713 2674 dentes,

255 2688 483 2741 tubercula,
514 2695 674 2745 cristas,
704 2698 883 2751 papillas
913 2701 1182 2753 persistentes
1211 2703 1500 2757 protuberans.
1545 2703 1714 2746 Basidia

256 2767 461 2810 interdum
490 2785 752 2829 monospora.
