1784 3177
333 161 381 199 16

407 286 458 326 ΙΙ.
518 284 610 325 Scri
650 283 901 337 amphigeni,
933 282 1081 335 sparsi,
1113 281 1262 334 exigui,
1292 281 1409 322 fusci.
1470 280 1735 334 Stylosporae

275 363 587 418 sphaeroideae,
618 362 900 411 flavescentes,
935 362 1055 402 diam.
1089 362 1252 401 20—‘25
1284 374 1419 399 mmm.

406 442 478 482 ΙΙΙ.
538 441 630 482 Scri
675 441 924 494 amphigeni,
971 439 1107 492 sparsi
1145 439 1208 480 vel
1247 438 1438 492 gregarii,
1478 450 1602 490 saepe
1641 450 1735 476 con-

273 520 460 571 fluentes,
501 519 667 560 tandem
706 533 782 572 per
822 518 1114 571 epidermidem
1156 520 1430 569 erumpentes,
1461 514 1735 555 minutissimi.

274 597 598 650 Teleutosporae
652 595 909 637 ovoideo—vel
957 593 1535 647 ellipsoideo-sphaeroideae,
1593 592 1737 640 flavae,

274 676 417 730 longit.
450 677 614 717 25—30
644 690 793 724 minin,
826 674 989 716 crassit.
1022 675 1183 714 20—22
1215 688 1365 723 mmm,
1386 671 1591 726 pedicello
1614 684 1738 724 spora

274 755 463 809 longiori,
495 754 622 804 tenui,
652 754 832 808 hyalino.

407 842 478 885 Syn
508 841 537 874 Ι.
601 839 754 873 Caeoma
791 839 1017 872 Parnassiae
1055 840 1249 873 SCELECHT.
1289 838 1341 871 Fl.
1371 838 1451 871 Ber.
1482 848 1515 881 p.
1552 834 1638 870 113.
1700 833 1735 868 C‘.

274 909 554 942 Paruassiatmn
592 909 694 941 LINK.
736 908 836 951 Spec.
877 907 923 949 II,
961 918 994 950 p.
1034 904 1095 940 56.
1154 903 1336 938 Aecidinm
1382 904 1606 937 Parnassiae.
1650 904 1736 937 ΗΑΒ.

277 977 406 1020 Krypt.
437 977 529 1009 Flor.
557 976 585 1015 J,
615 987 649 1019 p.
685 973 743 1008 17.

408 1044 444 1077 ΙΙ
474 1046 510 1076 et
538 1043 605 1076 III.
672 1040 786 1074 [fredo
817 1040 1042 1073 Parnes-siae
1074 1040 1189 1074 WEST.
1220 1039 1312 1073 Bull.
1344 1040 1386 1072 de
1416 1040 1520 1072 Brux.
1550 1038 1648 1078 XIX,
1679 1049 1737 1070 n:o

277 1110 338 1144 87.
374 1110 593 1143 Trichobczsz‘s
622 1108 846 1141 Parnassum
877 1109 988 1142 COOK.
1017 1108 1053 1140 in
1075 1108 1186 1141 Semn.
1216 1108 1339 1141 Journ,
1369 1108 1449 1140 Bot.
1471 1106 1517 1149 II,
1539 1117 1572 1149 p.
1597 1103 1674 1139 344
1700 1108 1736 1137 et

279 1178 370 1212 Brit.
402 1178 513 1219 Fung.
545 1177 592 1218 II,
623 1188 657 1220 p.
690 1173 781 1209 531.

408 1242 543 1278 Exsicc.
574 1245 661 1277 ΗΑΒ.
692 1243 802 1286 Fung.
836 1253 907 1276 eur.
939 1243 984 1283 ΙΙ,
1017 1238 1094 1275 992
1125 1239 1226 1284 (III).

408 1316 517 1357 Hab.
555 1315 586 1365 I,
626 1315 666 1354 II
705 1318 746 1355 et
784 1313 843 1353 ΙΙΙ
873 1314 914 1353 in
945 1313 1054 1353 foliis
1088 1316 1322 1353 Parnassiae
1348 1315 1535 1361 palustris
1564 1324 1638 1363 per
1669 1324 1740 1350 an-

276 1410 384 1436 num.
444 1395 463 1434 I
493 1393 646 1434 alicubi
675 1393 717 1432 in
749 1391 903 1432 Fennia
935 1391 1108 1432 australi
1140 1391 1236 1432 olim
1269 1390 1451 1443 legimus.

409 1474 516 1514 Sect.
549 1472 600 1512 ΙΙ.
659 1472 1033 1524 Heterouromyces
1074 1470 1261 1510 Scunom.
1295 1493 1346 1499 -
1378 1467 1511 1521 Stylo-
1542 1471 1583 1508 et
1612 1467 1740 1508 teleu-

277 1557 473 1606 tosporae
505 1550 635 1592 solum
669 1549 872 1603 cognitae.

412 1677 448 1714 G.
508 1673 672 1713 Urorn.
720 1671 830 1711 Pisi
877 1671 1098 1722 (S‘rmuss.)
1139 1670 1200 1708 DE
1242 1669 1286 1708 B.
1328 1669 1367 1707 in
1410 1669 1512 1707 Ann.
1555 1668 1622 1708 Sc.
1654 1670 1737 1707 nat.

268 1754 364 1795 Ser.
398 1753 466 1803 IV,
497 1755 524 1792 t.
558 1751 646 1790 XX.

412 1832 441 1871 I.
501 1830 546 1870 ln
580 1827 735 1869 Fennia
766 1841 846 1867 non
879 1826 1010 1867 obvia.

411 1910 461 1950 ΙΙ.
525 1907 617 1948 Scri
648 1905 901 1960 hypophylli,
933 1918 1008 1957 per
1039 1902 1332 1955 cpidermidem
1366 1901 1502 1942 fissam
1526 1914 1741 1953 erumpen-

279 1994 354 2036 tes,
395 1987 543 2040 sparsi,
585 1985 842 2026 orbiculares
880 1983 943 2024 vel
982 1982 1267 2035 irregulariter
1305 1980 1529 2028 rotundati,
1560 1979 1744 2032 planius-

280 2068 374 2116 culi,
422 2067 550 2107 dilute
594 2064 711 2104 fusci.
773 2063 1042 2117 Stylosporae
1087 2060 1385 2113 sphaeroideae
1431 2058 1492 2099 vel
1533 2058 1741 2105 ovoideae‚

280 2147 546 2187 flavescentes
586 2150 636 2191 (s.
677 2144 759 2195 nr),
802 2142 923 2181 (liam.
965 2142 1128 2180 20424
1168 2153 1303 2178 mmm.
1341 2140 1412 2178 aut
1451 2137 1594 2190 longit.
1626 2135 1743 2176 circi-

280 2230 343 2264 ter
374 2225 425 2264 25
458 2236 607 2270 mmm„
640 2219 800 2260 crassit.
835 2217 1000 2259 circiter
1031 2219 1083 2257 20
1113 2230 1250 2255 mmm.

413 2301 485 2341 III.
547 2300 638 2340 Scri
670 2297 912 2352 hypophylli
944 2296 1005 2336 vel
1038 2294 1278 2343 caulicolae,
1311 2292 1457 2345 sparsi,
1489 2291 1743 2333 orbiculares

282 2381 344 2423 vel
373 2379 659 2432 irregulariter
688 2376 912 2424 rotundati,
944 2373 1175 2427 majusculi,
1198 2371 1428 2413 atro-fusci.
1477 2370 1743 2422 Teleutospo-

282 2473 353 2500 rae
398 2455 890 2508 ovoidco-sphaeroideae
938 2453 1000 2493 vel
1057 2450 1448 2504 subsphaeroideae,
1502 2448 1743 2489 membrana

285 2538 434 2580 vertice
473 2535 583 2575 haud
613 2535 858 2583 incrassata,
890 2532 1071 2584 undique
1102 2529 1311 2583 punctulis
1342 2527 1554 2580 impressis
1585 2529 1744 2574 ornata,

283 2618 414 2657 flavae
452 2616 502 2667 (s.
544 2613 628 2666 nr),
661 2613 803 2665 longit.
837 2612 1000 2652 26-30
1031 2624 1180 2658 mmm„
1212 2607 1372 2648 crassit.
1404 2606 1564 2645 20-22
1597 2618 1743 2651 mmm„

284 2693 491 2748 pedicello
524 2691 649 2740 tenui,
681 2691 862 2745 hyalino,
894 2691 1031 2743 longo.
