1784 3177
1414 207 1491 246 237

217 333 325 376 Hab.
387 331 450 372 Ad
494 334 664 372 truncos
710 333 750 371 et
778 344 916 371 ramos
947 335 1082 382 Populi
1113 336 1310 383 trenmlae,
1342 332 1552 373 mensibus

83 413 354 465 Jul.——Sept.‚
386 410 428 451 in
447 409 618 457 ‚Fennia
650 409 822 449 australi
853 422 984 449 rarus.

219 498 456 543 Caespitosns.
514 495 629 529 Priori
668 496 770 528 nimis
801 495 924 535 affinis,
956 496 1015 528 sed
1047 497 1194 537 tenuior,
1225 498 1334 540 magis
1365 497 1553 530 conchanis

84 583 120 614 et
135 581 285 614 lobatus.

218 731 257 770 3.
316 728 360 768 P.
394 727 644 780 stipticus
675 725 908 778 (Bonam.
947 725 1083 778 Epior.
1117 726 1223 780 Syst.
1256 740 1358 780 niyc.
1390 740 1428 778 p.
1461 728 1552 766 399.

213 808 352 849 Pileus
398 807 627 855 coriaceus,
673 804 922 854 reniformis,
959 818 980 845 e
1013 804 1297 845 cinnamomeo
1327 804 1553 857 expallens,

83 891 176 929 cute
207 888 249 927 in
280 900 472 939 sqvamas
502 885 762 926 furfuraoeas
795 884 1028 925 secedente.
1089 884 1226 937 Stipes
1248 883 1444 932 lateralis,
1467 897 1555 923 sur-

82 981 173 1008 sum
219 965 429 1015 dilatatus,
474 964 624 1006 brevis.
685 963 897 1004 Lainellae
926 962 1239 1012 determinatae,
1270 965 1426 1009 tenues,
1459 975 1554 1002 con—

80 1046 224 1095 fertae,
257 1044 728 1093 reticulato-connexae,
766 1043 1090 1083 cinnamomeae.

215 1132 297 1176 Syn.
356 1128 536 1174 Ayaricus
580 1129 739 1173 stipticus
783 1130 895 1162 BULL.
940 1127 1033 1161 Hist.
1081 1127 1223 1171 Champ.
1254 1126 1373 1159 Franc.
1408 1129 1432 1159 t.
1469 1124 1553 1165 140,

83 1208 173 1252 557,
204 1211 227 1243 f.
262 1209 294 1243 1.
353 1210 446 1244 Flor.
478 1210 567 1243 Dan.
600 1212 625 1242 t.
660 1204 750 1249 882,
783 1208 804 1241 f.
842 1206 855 1240 1
893 1210 929 1240 et
958 1210 983 1240 t.
1016 1203 1132 1247 1292,
1166 1206 1186 1238 f.
1225 1204 1256 1239 1.
1288 1203 1415 1237 Panas
1445 1205 1554 1248 stipti-

81 1302 141 1323 cus
171 1291 232 1323 Fa.
264 1290 365 1334 Hyni.
398 1301 469 1323 eur.
498 1301 532 1333 p.
565 1285 657 1322 489.

210 1370 346 1404 Exsiec.
407 1369 543 1402 KARs'r.
588 1367 701 1410 Fung.
745 1366 855 1399 Fenn.
901 1362 964 1399 91.
1022 1365 1111 1398 ΕΑΒ.
1144 1363 1254 1406 Fung.
1285 1373 1355 1396 eur.
1386 1362 1432 1403 II,
1466 1360 1554 1396 607.

209 1453 318 1495 Hab.
378 1452 425 1493 In
456 1450 614 1492 truncis
645 1449 842 1490 arborum
873 1447 1176 1496 frondosarum,
1206 1445 1429 1499 praecipue
1469 1449 1556 1485 Alm'

80 1537 121 1575 et
165 1537 340 1582 Betulae,
386 1535 451 1572 sat
480 1530 673 1583 freqvens
704 1528 851 1569 saltem
883 1527 924 1567 in
953 1526 1112 1568 Fennia
1142 1524 1326 1573 australi,
1359 1527 1554 1564 autumno

80 1626 174 1653 sero
203 1614 245 1652 et
263 1610 412 1651 hieme.

209 1698 322 1742 Sapor
351 1696 525 1740 stipticus,
585 1694 785 1738 Gregarius.
844 1693 976 1737 Sporae
1009 1688 1481 1734 obovoideo-sphaeroideae,
1503 1688 1552 1721 di-

78 1777 249 1811 latissime
279 1777 518 1817 flavescentes,
550 1775 674 1818 longit.
709 1770 731 1806 2
751 1771 814 1806 --3
848 1784 977 1815 mmm„
1010 1771 1142 1805 crassit.
1180 1765 1279 1802 1-2
1312 1780 1427 1801 mmm.

209 1919 248 1957 4.
307 1916 352 1956 Ρ.
384 1915 593 1969 ringens
624 1914 694 1954 Fa.
727 1913 846 1968 Hym.
879 1925 962 1953 eur.
995 1925 1033 1964 p.
1057 1912 1150 1950 490.

208 1995 350 2035 Pileus
395 1993 676 2046 resupinatUS,
722 1988 1289 2035 coriaceo-1nembranaceus,
1338 1985 1549 2034 flaccidus,

78 2074 230 2116 vertice
260 2076 455 2127 porrecto
485 2072 633 2114 villoso
665 2071 890 2124 stipitatus‚
922 2068 1056 2122 primo
1087 2065 1345 2115 oibieularis,
1378 2064 1471 2105 dein
1492 2064 1550 2104 la-

77 2153 397 2207 biato-ringeus,
429 2149 901 2198 fuseescenti-rubellus,
934 2147 1119 2201 margine
1151 2145 1309 2187 striato.
1341 2143 1550 2185 Lamellae

76 2232 300 2285 simplices,
333 2245 524 2272 carneae.

210 2318 292 2362 Syn.
351 2317 526 2350 Laminas
556 2315 701 2359 rfflyens
731 2315 794 2347 Fn.
827 2313 943 2358 Epier.
975 2313 1067 2356 Syst.
1098 2321 1184 2355 myc.
1216 2322 1249 2354 p.
1284 2308 1374 2343 396.

206 2400 314 2441 Hab.
375 2400 423 2440 In
453 2399 612 2440 truncis
651 2402 816 2439 Beteclae
846 2399 957 2437 certe
987 2407 1062 2447 per
1092 2397 1223 2434 totuin
1255 2396 1438 2433 nostrum
1467 2394 1548 2432 ter-

75 2479 277 2529 ritorium,
311 2482 510 2523 autumno
541 2478 676 2518 hieme
707 2479 749 2517 et
778 2489 884 2517 vere.

206 2566 395 2609 Gregarius
426 2566 481 2599 vel
512 2563 805 2607 suboaespitosus,
836 2571 899 2606 per
928 2558 1178 2603 epidermidem
1209 2567 1403 2600 erumpens.
1462 2555 1544 2589 Pro-

77 2645 173 2678 venit
215 2646 308 2678 circa
346 2645 511 2678 Mustiala
540 2653 679 2687 qvoqve
710 2642 744 2674 in
776 2640 908 2674 truncis
938 2639 1114 2671 stantibus
1144 2636 1230 2669 Alni
1260 2637 1421 2675 incanae,
1452 2646 1544 2677 mag-

76 2723 235 2757 nitudine
278 2724 411 2768 majori,
457 2723 578 2767 stipite
613 2722 781 2765 longiore,
813 2719 906 2762 pileo
937 2718 1135 2760 subglabm,
1164 2716 1320 2758 margine
1351 2715 1543 2747 lutesceute

76 2802 251 2836 differens.
