1784 3177
1387 159 1467 198 343

196 267 520 322 Receptaculum
551 283 712 311 sursum
744 273 1030 325 incrassatum,
1062 279 1435 335 subcompressum‚
1468 286 1524 326 al-

63 346 218 396 bidum,
249 361 395 389 recens
427 348 564 397 molle,
594 349 688 391 basi
719 354 945 394 attenuata.

195 434 276 478 Syn.
335 433 536 468 Pistillarz'a
567 436 804 479 qvisqviliarz‘s
834 439 894 472 Fa.
928 440 1043 484 Epicr.
1076 444 1165 488 Syst.
1198 459 1231 491 p.
1266 445 1341 482 587
1365 454 1401 483 et
1420 450 1521 494 Hym.

61 522 132 545 eur.
166 524 202 557 p.
233 510 326 547 687.

192 594 303 636 Hab.
362 594 410 635 In
454 595 668 649 stipitibus
700 601 741 638 et
771 597 988 642 frondibus
1018 606 1182 645 Pteridis
1213 609 1420 659 emortuis,
1453 623 1523 651 au-

58 677 214 724 tumno,
244 674 287 715 in
316 674 475 716 Fennia
505 676 680 717 australi
711 680 777 718 sat
806 691 901 720 raro
929 679 1060 722 obvia.

192 761 368 804 Gregaria.
400 758 504 794 5-7
538 773 618 796 mm.
651 764 766 807 longa.

371 1018 506 1063 Fam.
545 1018 611 1063 11.
684 1018 1205 1068 TREMELLINEAE.

186 1150 361 1190 Subfam.
394 1150 430 1189 6.
491 1151 991 1191 TREMELLODONEAE.

433 1282 578 1324 XLIV.
637 1282 1042 1325 TREMELLODON
1073 1284 1192 1326 Pizus.

192 1387 225 1425 1.
286 1385 358 1425 Tr.
390 1384 739 1440 gelatinosum
773 1384 920 1438 (Scor.)
951 1385 1068 1426 Pans.
1100 1386 1206 1440 Myc.
1239 1400 1322 1428 eur.
1354 1401 1394 1441 p.
1430 1390 1518 1429 172.

186 1474 326 1516 Pileus
357 1474 626 1529 gelatinosus,
656 1474 868 1524 tremulus,
892 1474 1144 1525 dimidiatus,
1167 1476 1322 1517 sessilis
1343 1477 1405 1518 vel
1427 1477 1520 1519 sub-

51 1553 276 1608 stipitatus,
321 1554 563 1609 papulosus„
609 1554 781 1609 glaucus
826 1554 890 1595 vel
920 1554 1318 1608 glaucofuscescens.
1378 1556 1520 1598 Aculei

52 1633 211 1685 molles,
243 1634 545 1690 albido-glauci
575 1635 639 1676 vel
669 1633 818 1689 glauci.

184 1721 267 1766 Syn.
302 1720 478 1766 Hydnum
506 1721 740 1766 yelatz'nosum
770 1721 873 1755 Scor.
900 1720 993 1754 Flor.
1025 1731 1118 1754 carn.
1150 1720 1195 1761 ΙΙ,
1226 1732 1258 1765 p.
1290 1717 1379 1755 472.
1410 1722 1514 1756 Pnns.

51 1802 122 1846 Syn
152 1802 263 1846 Fung.
307 1814 341 1847 p.
374 1798 465 1836 249.
523 1802 587 1835 Fa.
620 1802 712 1846 Syst.
746 1811 832 1845 myc.
862 1801 889 1841 Ι,
919 1812 953 1844 p.
987 1798 1063 1833 407
1094 1804 1130 1833 et
1157 1800 1274 1844 Epicr.
1308 1795 1398 1843 Syst.
1428 1810 1514 1843 myc.

51 1892 84 1925 p.
117 1877 207 1915 512.
265 1880 443 1925 Hydnum
471 1881 714 1925 crystallinum
743 1880 836 1914 Flor.
869 1879 948 1913 dan.
980 1882 1005 1912 t.
1039 1875 1128 1912 717.
1191 1876 1429 1911 Tremellodon
1457 1887 1513 1920 ye-

50 1959 241 1993 latz'nosum
269 1960 331 1993 Fa.
362 1960 465 2005 Hym.
496 1970 567 1993 eur.
597 1971 630 2004 p.
664 1955 754 1993 618.

182 2041 290 2083 Hab.
349 2042 396 2083 In
439 2042 598 2083 truncis
635 2040 823 2089 mucidis,
854 2038 1077 2093 praecipue
1108 2037 1307 2091 abiegnis,
1338 2037 1380 2077 in
1410 2036 1512 2077 Fen-

48 2120 118 2162 nia
161 2121 425 2163 meridionali
466 2121 579 2162 haud
621 2133 717 2161 raro
762 2119 937 2166 obvium,
968 2116 1178 2158 mensibus
1209 2114 1443 2168 Septembri
1472 2118 1513 2156 et

48 2200 234 2243 Octobri.
293 2200 432 2242 Etiam
463 2200 517 2242 ad
546 2203 700 2241 terram
731 2210 948 2240 occurrere
979 2195 1140 2237 dicitur.

180 2287 307 2321 Forma
349 2290 386 2320 et
425 2286 667 2331 magnitudine
712 2284 813 2319 valde
858 2283 979 2317 variat.
1038 2281 1220 2315 Interdum
1251 2279 1402 2324 undiqve
1432 2289 1508 2312 acu—

45 2367 187 2400 leatum.

179 2484 217 2522 2.
277 2481 350 2522 Tr.
383 2481 733 2522 auriculatum
763 2478 831 2519 Fa.
864 2476 981 2530 Hym.
1014 2488 1097 2515 eur.
1130 2487 1168 2526 p.
1201 2475 1293 2514 618.

178 2560 284 2601 Pilei
313 2557 790 2614 gelatino-cartilaginei‚
826 2554 1393 2598 imbricam-concrescentes,
1425 2562 1506 2590 ses·

46 2639 157 2690 siles,
189 2638 571 2688 aurito-difformes,
602 2638 753 2685 laeves,
780 2633 941 2675 murini.
979 2632 1122 2674 Aculei
1143 2629 1386 2676 brevissimi,
1409 2627 1503 2668 albi.

178 2727 261 2771 Syn,
320 2724 496 2771 Hydnum
526 2723 761 2758 auriculatumf
792 2721 854 2754 Fa.
892 2720 1007 2764 Epicr.
1038 2719 1128 2762 Syst.
1162 2727 1248 2761 myc.
1279 2728 1311 2760 p.
1347 2710 1433 2746 512.
