1784 3177
261 193 313 231 88

339 318 416 357 Ph.
462 315 718 355 maculare
762 315 928 354 WALLR.
977 314 1084 354 Flor.
1132 315 1260 366 crypt.
1308 312 1445 353 Germ.
1490 325 1528 363 p.
1572 313 1661 351 192.

206 395 467 450 Sporangia?
498 394 810 448 par-enchymati
838 393 1031 434 foliorum
1060 392 1216 441 innata,
1252 390 1505 444 epidermide
1539 391 1662 439 tecta,

207 472 661 526 angulat0-1·0tundata,
700 471 845 521 laevia,
884 470 1192 525 pallido-fusca,
1229 468 1506 522 impessucida,
1536 466 1665 508 fibril-

207 554 259 593 lis
289 551 439 604 parcis,
470 551 679 600 brevibus,
710 549 887 604 hyalinis
910 549 1058 590 obsita.
1119 549 1278 600 Sporae
1300 546 1662 601 {iugulato-sphae—

208 631 390 680 roideae‚
422 630 633 683 episporio
664 629 958 678 crassiusculo⁷
990 628 1193 682 hyalinae,
1215 628 1363 681 laeves,
1387 626 1508 667 diam.
1531 628 1598 667 9-
1619 629 1666 666 12

209 725 345 750 mmm.
378 713 449 750 aut
475 709 618 763 longit.
653 710 813 749 11—12
846 723 996 757 mmm„
1029 707 1188 749 crassit.
1222 709 1358 748 9—10
1389 721 1524 746 mmm.

341 796 476 830 Exsicc.
534 796 668 829 KARST.
698 796 810 838 Fung.
842 795 953 828 Fenn.
984 791 1014 827 Ι.

340 868 449 909 Hah.
507 869 555 909 In
583 868 695 909 foliis
726 871 918 908 Alis-malis
938 871 1182 917 Planlaqim's
1201 864 1560 919 langvescentibus
1581 864 1671 905 ubi-

211 961 287 1002 qve
317 952 383 989 sat
411 947 618 1001 freqvens.

343 1027 421 1068 Ph.
471 1030 636 1069 tenue.
708 1030 1018 1078 Cladoehytriwn.
1067 1032 1180 1066 {enne
1229 1024 1372 1066 Novmz.
1422 1023 1550 1064 Beitr.
1599 1037 1671 1064 zur

211 1106 388 1148 Kenntn.
430 1106 613 1161 Chytrid.
652 1106 695 1146 in
732 1106 860 1147 Beitr,
900 1105 1003 1147 Biol.
1036 1105 1110 1146 Pfl.
1141 1104 1187 1144 Β.
1220 1106 1254 1144 2.
1314 1103 1362 1143 In
1393 1102 1534 1152 Acoro,
1565 1105 1672 1142 Iride

203 1190 469 1236 psezcdacoro,
507 1189 685 1236 Glyceran
728 1187 930 1236 spectabile·
968 1183 1162 1225 nidulans
1202 1183 1351 1224 Florae
1386 1184 1553 1223 nostrae
1590 1181 1673 1222 for-

211 1264 336 1306 tassis
365 1264 718 1305 adnumerandum
747 1264 812 1304 sit.

347 1386 582 1428 Sohinzia
611 1386 725 1427 Alni
754 1386 874 1426 Won.
904 1385 947 1426 in
977 1385 1099 1427 Mem.
1132 1384 1170 1425 d.
1202 1383 1359 1424 l’Acad.
1390 1382 1486 1435 imp.
1510 1382 1582 1423 des
1604 1381 1670 1423 Sc.

215 1467 264 1508 de
297 1467 356 1508 St.
388 1465 574 1508 Petersb.
607 1468 727 1515 1866,
760 1465 878 1506 VII:e
909 1463 987 1515 ser,
1019 1467 1117 1505 tom.
1147 1464 1197 1503 X.
1229 1463 1277 1503 N.
1311 1464 1346 1503 6.

347 1545 522 1599 Hyphae
562 1544 724 1598 mycelii
765 1543 978 1597 entophyti
1018 1556 1137 1595 qvam
1176 1541 1353 1582 maxime
1392 1543 1549 1592 tenues,
1581 1539 1677 1580 ach-

215 1637 327 1674 roae,
357 1637 483 1677 parce
514 1636 716 1673 ramosae,
748 1622 877 1675 septis
908 1621 1148 1674 plerumqve
1179 1620 1415 1668 destitutae,
1436 1621 1596 1659 meatus
1616 1617 1677 1657 in-

215 1701 501 1744 tercellulares
547 1704 801 1754 occupantes
843 1712 1061 1752 ramosqve
1104 1698 1146 1739 in
1191 1697 1363 1739 cellulas
1406 1696 1676 1737 intrudentes.

218 1782 375 1836 Sporae
402 1782 445 1822 in
466 1781 636 1822 ramulis
658 1780 838 1834 propriis
858 1779 1238 1820 intracellularibus
1259 1776 1510 1826 terminales,
1532 1775 1680 1829 sphae-

218 1861 399 1910 roideae,
430 1861 635 1915 hyalinae,
667 1860 817 1909 laeves,
849 1859 972 1899 diam.
1004 1859 1111 1898 4-6
1143 1871 1279 1897 mmm.

351 1947 487 1981 Exsicc.
546 1958 581 1980 v.
613 1946 753 1979 THUEM.
785 1944 938 1990 Mycoth.
971 1944 1066 1977 univ.
1099 1939 1191 1976 425.

350 2018 459 2059 Hab.
517 2019 563 2059 In
611 2017 824 2058 radicibus
875 2015 1108 2065 deterratis,
1154 2013 1227 2054 sed
1271 2012 1405 2053 adhuc
1449 2009 1549 2052 vivis
1593 2013 1682 2050 Alm'

221 2103 450 2149 ymnum-ae,
473 2110 568 2138 raro
590 2101 677 2137 Alm'
699 2101 868 2136 meamne
889 2095 942 2136 ad
963 2095 1076 2147 ripas
1096 2092 1333 2142 rivulorum,
1356 2092 1680 2138 autumno-vere,

223 2176 390 2229 passim.
423 2200 473 2205 —
505 2175 554 2214 In
584 2173 796 2215 radicibus
826 2173 1081 2213 incrementa
1111 2170 1311 2210 botruosa
1341 2166 1479 2209 efficit.
