1784 3177
310 182 390 222 296

386 309 452 348 23.
514 307 563 347 Η.
597 309 825 361 argutum
854 308 925 349 Fu.
958 309 1063 363 Syst.
1095 324 1197 364 mye.
1229 310 1261 360 I,
1292 324 1330 363 p.
1353 312 1444 350 424.

387 385 550 425 Album.
616 385 856 427 Subiculum
900 387 1087 438 effusum,
1131 402 1290 442 vagum,
1335 388 1711 430 immeritem-inter-

253 465 423 511 textum,
468 463 677 504 adnatum.
742 465 886 506 Aculei
931 466 1053 515 acuti,
1100 466 1294 516 subulati,
1339 467 1588 520 inaeqvales,
1634 466 1709 507 sub

252 541 362 582 lente
393 541 446 582 ad
474 541 608 582 latera
638 543 786 583 serrati
816 544 879 584 vel
910 544 1163 585 denticulati.

385 627 466 671 Syn.
525 626 701 672 Hydreum
743 634 910 672 arymum
952 630 1015 663 Fa.
1060 631 1178 674 Epicr.
1224 632 1316 675 Syst.
1363 643 1448 676 mye.
1492 644 1526 676 p.
1569 629 1645 666 519
1675 635 1712 665 et

253 706 354 749 Hym.
384 716 446 739 eur
475 717 509 749 p.
542 702 631 740 616.
693 707 803 741 ΟΟΟΚ.
833 708 922 740 Brit.
954 708 1065 752 Fung.
1097 710 1125 751 1,
1155 721 1189 753 p.
1224 707 1314 743 301.

383 787 491 828 Hab.
551 788 614 828 Ad
653 788 766 844 ligna
810 793 850 830 et
891 790 1068 831 cortices
1098 794 1261 832 Belidae
1290 791 1416 833 semel
1445 792 1486 832 in
1516 791 1711 833 Mustiala

253 846 527 917 observatum,
559 870 641 907 aut.

385 1025 450 1064 24.
511 1024 562 1064 H.
591 1024 835 1077 stipatum
866 1025 934 1065 Fa.
967 1025 1072 1079 Syst.
1104 1040 1206 1080 mye.
1235 1026 1266 1076 Ι,
1297 1039 1336 1080 p.
1363 1027 1457 1067 425.

384 1100 592 1148 Albidum,
629 1115 725 1143 raro
761 1102 967 1144 flavidum.
1027 1103 1266 1145 Subiculum
1295 1105 1498 1146 latissime
1525 1105 1710 1156 effusum,

250 1178 787 1230 flocculoso-furfuraoeum,
838 1182 1257 1223 crustoso-adnatum.
1330 1183 1475 1224 Aculei
1523 1184 1711 1229 conferti,

251 1258 580 1312 granuliformes‚
611 1260 884 1301 obtusiusculi
913 1264 954 1301 et
985 1260 1240 1302 denticulati.

386 1345 467 1388 Syn.
525 1344 700 1389 Hydmtm
728 1346 897 1389 stipatum
927 1347 989 1380 Fa.
1020 1348 1134 1390 Epicr.
1166 1348 1257 1391 Syst.
1288 1359 1374 1392 myc.
1396 1359 1428 1392 p.
1453 1344 1530 1381 519
1552 1351 1589 1381 et
1608 1349 1710 1393 Hym.

252 1433 323 1455 eur.
354 1434 387 1466 p.
420 1420 510 1456 617.

385 1504 492 1544 Hab.
552 1505 615 1545 Ad
664 1504 777 1560 ligna
820 1509 908 1546 Alm'
947 1509 1108 1547 vetusta
1152 1507 1264 1547 circa
1306 1507 1503 1549 Mustiala
1546 1509 1712 1562 parcius

252 1583 416 1631 lectum,
449 1587 531 1625 aut.

386 1730 451 1770 25.
512 1729 562 1770 H.
594 1731 785 1772 subtile
816 1731 885 1771 FP..
919 1731 1025 1785 Syst.
1055 1747 1158 1786 myc.
1190 1733 1222 1782 I,
1254 1747 1293 1784 p.
1325 1735 1418 1774 425.

384 1810 547 1861 Aqvose
591 1809 787 1850 albidum.
848 1810 1087 1851 Subiculum
1124 1813 1402 1862 tenerrimum,
1432 1814 1713 1855 maculari-in-

252 1889 406 1936 natum,
437 1887 639 1940 glabrum.
701 1889 842 1930 Aculei
874 1890 1087 1939 distantes,
1120 1891 1230 1931 acuti
1261 1892 1323 1932 vel
1352 1892 1482 1933 incisi.

384 1974 466 2017 Syn.
524 1973 699 2017 Ilydmom
741 1975 861 2007 subtile
905 1977 966 2009 Fa.
1002 1977 1116 2020 Epior.
1148 1978 1238 2021 Syst.
1268 1989 1300 2022 p.
1335 1975 1411 2011 519
1443 1982 1480 2012 et,
1508 1979 1610 2023 Hym.
1640 1990 1711 2012 eur.

253 2061 284 2093 p.
316 2048 405 2084 617.

384 2133 488 2174 Hah.
549 2135 611 2175 Ad
640 2135 794 2188 lignum
825 2136 1053 2177 betulinum
1087 2142 1128 2178 et
1157 2138 1321 2190 pineum
1352 2139 1394 2179 in
1415 2140 1582 2193 regione
1602 2140 1712 2181 Mus-

252 2210 417 2251 tialensi
448 2213 659 2254 mensibus
687 2215 938 2268 Aug—Oet.

384 2297 506 2330 Aculei
538 2300 693 2340 subtiles,
723 2303 818 2333 tactu
855 2301 1047 2334 detersiles.
1108 2303 1225 2334 Nostri
1257 2303 1448 2335 subiculum
1479 2314 1606 2346 aqvose
1636 2315 1710 2337 eae-

252 2375 349 2414 sium,
381 2376 489 2408 aculei
521 2377 638 2417 albidi,
670 2378 749 2411 sicci
780 2380 1002 2419 1uteseentes,
1033 2380 1156 2423 longit.
1190 2381 1327 2414 circiter
1357 2379 1419 2422 0,ss
1450 2393 1530 2415 mm.

646 2559 774 2600 XXV.
832 2561 1171 2602 SISTOTREMA
1201 2563 1312 2605 Pssns.

388 2659 421 2696 1.
483 2657 521 2697 S.
555 2658 821 2700 confluens
852 2661 966 2701 Pffls.
1001 2662 1094 2715 Syn.
1126 2663 1253 2716 Fung.
1287 2678 1324 2715 p.
1349 2665 1442 2704 551.

381 2732 604 2789 Integrum‚
636 2738 867 2778 candidum.
926 2740 1065 2780 Pileus
1097 2756 1307 2791 carnosus,
1343 2743 1623 2792 horizontfflis,
1655 2744 1707 2783 ir-
