1784 3177
618 358 795 411 Subgen.
826 356 935 397 XIV.
993 353 1265 395 LEPTONIA
1294 352 1364 391 Fa.

395 439 531 492 Stipes
585 435 889 489 cartilagineus.
972 433 1110 473 Pileus
1161 430 1310 479 tenuis,
1356 425 1722 478 convexo-planus,

264 518 446 570 margine
476 516 609 569 primo
640 514 803 555 inflexo.
862 511 1072 561 Lamellae
1099 507 1431 549 subsecedentes.
1461 530 1502 534 -
1528 503 1723 551 Minores,

263 595 493 643 aestivales,
524 593 632 634 laete
664 591 888 640 coloratae,
920 587 1283 630 subviolascentes.

640 703 818 756 Subgen.
851 700 939 741 XV.
999 696 1256 738 NOLANEA
1287 696 1355 736 Fa.

399 783 536 835 Stipes
581 780 887 834 cartilagineus,
932 777 1155 818 fistulosus.
1229 774 1369 814 Pileus
1400 770 1728 824 campanulatus‚

267 861 449 914 margine
487 863 613 907 recto,
653 858 842 911 primitus
881 855 1013 908 stipiti
1052 855 1251 907 adpresso
1291 865 1367 892 nec
1397 850 1592 891 involuto.
1650 848 1728 888 La-

266 939 413 980 mellae
460 937 616 978 liberae
658 937 720 977 vel
769 934 944 976 adfixae.
993 958 1036 963 —-
1088 932 1218 985 Fungi
1261 932 1492 978 terrestres,
1539 926 1727 981 graciles,

267 1017 449 1070 Mycenis
479 1015 791 1068 respondentes.

652 1124 831 1178 Subgen.
862 1123 970 1164 XVI.
1030 1120 1247 1162 ECCILIA
1279 1120 1345 1159 Fa.

402 1206 540 1258 Stipes
577 1203 884 1256 cartilagineus.
943 1201 1082 1242 Pileus
1118 1198 1395 1246 umbfficatus,
1437 1194 1620 1248 margine
1646 1193 1728 1246 pri-

273 1284 396 1324 mitus
438 1283 603 1323 inflexo.
664 1281 872 1322 Lamellae
905 1280 1184 1320 decurrentes.
1218 1302 1264 1307 —
1300 1274 1531 1328 Omphaliis
1561 1286 1731 1325 respon-

273 1362 428 1403 dentes.

405 1462 447 1501 C.
508 1461 645 1513 Stipes
677 1459 934 1501 excentricus
966 1458 1028 1499 vel
1057 1457 1205 1498 nullus.

338 1571 517 1625 Subgen.
549 1570 679 1611 XVII.
744 1568 1067 1610 CLAUDOPUS
1098 1568 1161 1608 W.
1194 1567 1261 1607 SM.
1293 1567 1335 1606 in
1366 1565 1499 1606 Seem.
1531 1564 1672 1605 Journ.

406 1649 513 1690 Sect.
542 1648 612 1688 III.
644 1648 842 1688 Dermini.
875 1647 1031 1700 Sporae
1055 1645 1395 1698 subferrugineae
1416 1643 1478 1684 vel
1495 1643 1735 1684 ochraceae.

589 1759 766 1812 Subgen.
798 1758 951 1798 XVIII.
1011 1756 1327 1798 PHOLIOTHA
1358 1756 1428 1795 Fa.

407 1838 544 1890 Stipes
575 1837 806 1877 annulatus.
830 1860 882 1866 —
903 1836 1136 1877 Terrestres
1158 1835 1219 1875 vel
1240 1834 1392 1874 trunci·
1414 1832 1476 1873 vel
1498 1830 1736 1884 muscigeni.

651 1948 827 2001 Subgen.
858 1947 968 1987 XIX.
1028 1945 1273 1986 INOGYBE
1302 1945 1372 1986 Fa.

409 2026 548 2078 Stipes
579 2039 789 2066 carnosus.
839 2025 978 2065 Pileus
1009 2025 1092 2065 cuti
1123 2024 1217 2064 cula
1246 2022 1447 2063 fibrillosa
1475 2020 1537 2062 vel
1567 2019 1736 2060 sericea.

279 2103 488 2144 Lamellae
518 2103 797 2143 subsinuatae.

633 2202 811 2254 Subgen.
843 2202 932 2242 XX.
991 2200 1292 2243 HEBELOMA
1321 2201 1390 2241 Fa.

414 2279 549 2332 Stipes
595 2283 635 2320 et
678 2280 869 2320 lamellae
907 2283 952 2320 ut
990 2280 1032 2322 in
1070 2279 1356 2332 praecedente.
1424 2275 1613 2317 Cuticula
1642 2274 1740 2327 pilei

282 2357 437 2409 glabra,
467 2357 634 2398 viscida.
685 2358 842 2410 Sporae
863 2358 1204 2411 subargillaeeae.
1227 2382 1281 2387 —
1301 2356 1548 2403 Terrestres,
1571 2353 1740 2400 olentes,

282 2434 399 2475 valde
431 2436 624 2487 suspecti,
656 2435 818 2487 qvidam
850 2436 1050 2477 venenati.

624 2533 804 2587 Subgen.
835 2535 944 2575 XXI.
1005 2534 1307 2575 FLAMMULA
1336 2534 1406 2574 FR.

417 2610 552 2662 Stipes
584 2610 967 2652 carnoso-fibrosus.
1028 2612 1165 2652 Pileus
1197 2624 1407 2660 carnosus,
1439 2610 1622 2663 margine
1661 2606 1743 2659 pri-

285 2688 408 2728 mitus
437 2688 631 2728 involuto.
690 2688 899 2729 Lamellae
929 2690 1192 2731 decurrentes
1224 2690 1287 2731 vel
1317 2690 1404 2731 sine
1436 2689 1528 2730 sinu
1552 2686 1741 2728 adnatae.

290 2788 339 2795 —
370 2766 603 2808 Terrestres
635 2766 697 2808 vel
726 2766 957 2819 lignicolae.
