1784 3177
1375 166 1449 204 261

179 294 200 317 *
231 292 461 334 Contextus
491 291 715 332 coloratus.

180 395 248 434 23.
277 392 322 432 P.
356 390 666 431 cuticularis
697 390 854 443 (Bm.)
886 391 954 430 Fa.
979 392 1083 444 Syst.
1107 406 1207 444 myc.
1231 406 1268 444 p.
1289 393 1367 432 363
1391 405 1450 443 pr.
1473 405 1511 443 p.

180 471 320 511 Pileus
364 469 513 515 tenuis,
552 469 1011 521 spongioso-carnosus,
1045 470 1137 509 dein
1169 484 1381 518 exsuccus,
1414 483 1514 521 app-

48 552 225 597 lanatus,
254 548 400 597 hirtus,
438 550 710 597 tomentosus‚
748 560 769 587 e
800 545 1172 599 ferrugineo-fusco
1203 548 1423 600 nigricans,
1456 548 1514 586 in-

47 634 115 671 tus
144 630 238 670 laxe
269 632 310 669 et
352 626 554 680 parallele
590 624 783 673 fibmsus,
816 625 1000 677 margine
1030 624 1424 672 fibroso-fiinbriato,
1457 627 1513 665 in-

51 712 232 750 curvato.
292 707 391 747 Pori
419 705 579 751 minuti,
611 704 737 757 longi,
769 718 790 744 e
822 704 978 756 pallido
1009 704 1244 757 ferruginei.

182 795 265 838 Syn.
324 792 469 825 Boletus
512 790 714 823 czcticzdarz's
757 791 868 824 BULL.
915 789 1059 833 Ohamp.
1105 794 1130 822 t.
1171 786 1259 823 462.
1319 788 1516 832 ΡοῖῃῙιω-υς

49 873 251 907 camalam
279 872 342 905 Fa.
372 871 490 915 Epior.
522 870 614 914 Syst.
647 880 682 913 p.
713 865 792 902 458
824 872 860 902 et
890 868 991 912 Hym.
1022 880 1092 901 eur.
1131 879 1163 912 p.
1198 865 1286 901 551.

182 952 318 986 Exsico.
375 951 510 984 KARs'r.
541 949 653 991 Fung.
686 948 796 981 Fenn.
828 944 920 980 708.

185 1034 291 1076 Hab.
351 1033 416 1074 Ad
460 1036 630 1072 truncos
675 1034 811 1080 Populi
849 1034 1034 1070 tremulae
1062 1030 1104 1068 in
1136 1028 1314 1068 Fenniae
1345 1029 1517 1068 australi

50 1114 275 1162 rarissime,
307 1116 518 1153 autumno.

190 1198 255 1238 „R
283 1196 420 1241 hispido
462 1196 586 1236 affinis,
627 1195 688 1228 sed
718 1195 821 1237 longe
852 1194 1000 1233 tenuior,
1031 1193 1156 1232 mollia
1188 1192 1282 1235 poris
1312 1202 1414 1224 carne
1445 1192 1517 1224 lon-

49 1277 240 1322 gioribus.“
304 1278 436 1322 Sporae
468 1276 640 1320 copiosae,
672 1274 870 1307 ochraoeae.

183 1373 237 1396 *³⁴*
269 1371 498 1412 Contextus
529 1372 571 1409 et
601 1382 752 1421 sporae
783 1367 882 1408 albi.

184 1497 247 1535 24.
306 1494 351 1534 Ρ.
382 1492 617 1534 borealis
647 1491 717 1532 Fa.
750 1491 858 1545 Syst.
890 1503 992 1543 myo.
1025 1488 1057 1537 I,
1088 1502 1127 1540 p.
1161 1489 1252 1529 366.

184 1574 324 1615 Pileus
369 1587 391 1614 e
436 1572 662 1626 spongioso
701 1570 939 1616 subm-osus,
971 1570 1225 1619 compactus,
1258 1565 1521 1617 subpulvina-

49 1657 129 1703 tus,
159 1653 306 1702 hirtus,
335 1652 447 1693 intus
465 1648 879 1704 parallele-fibrosus‚
912 1650 1096 1700 margine
1127 1648 1308 1698 patente,
1342 1658 1391 1683 ex
1423 1643 1519 1683 albo

50 1733 271 1774 lutescens.
317 1732 415 1772 Pori
445 1731 601 1778 adnati,
632 1728 885 1781 inaeqvales,
915 1724 1279 1766 sinuoso-flexuosi
1309 1726 1349 1763 et
1379 1722 1520 1768 laceri,

52 1811 149 1852 albi.

185 1897 268 1941 Syn.
328 1895 530 1940 Polyporus
573 1894 723 1927 borealis
766 1893 828 1926 Fa.
875 1892 991 1935 Epier.
1024 1890 1116 1934 Syst.
1176 1899 1209 1931 p.
1243 1884 1320 1920 459
1350 1889 1387 1919 et
1416 1885 1517 1928 Hym.

52 1987 113 2009 eur
143 1987 176 2020 p.
209 1971 300 2009 552.
360 1975 497 2008 KARST.
529 1974 622 2007 Finl.
654 1973 778 2015 Polyp.
812 1982 845 2014 p.
880 1967 941 2002 30.

185 2054 320 2088 Exsiee.
377 2054 513 2087 KARs'r.
544 2052 655 2094 Fung.
686 2051 796 2083 Fenn.
830 2045 921 2081 238.

184 2136 292 2176 Hah.
353 2136 416 2176 Ad
447 2140 617 2175 truncos
651 2135 792 2172 ‚4bietets
822 2130 905 2170 late
953 2127 1210 2173 distributus,
1245 2125 1321 2165 etsi
1354 2125 1519 2163 minime

52 2215 245 2269 vulgaris.
314 2214 532 2268 Cognitum
578 2211 780 2252 habemus
825 2222 846 2248 e
891 2206 1096 2261 paroeciis
1142 2205 1279 2250 Lemo,
1325 2203 1519 2249 Wiehffis,

53 2294 206 2348 Tyrvis‚
251 2293 462 2334 Tammela
508 2306 583 2332 nee
620 2305 701 2331 non
733 2304 783 2330 ex
814 2287 1029 2340 Lapponia
1058 2284 1217 2325 rossica
1248 2281 1518 2335 (Kantaluksz

53 2372 175 2426 ipse).

186 2456 407 2498 Imbrioatus‚
455 2454 477 2490 6
523 2467 588 2489 em.
635 2455 688 2488 vel
730 2454 821 2486 ultra
850 2452 941 2484 latus
971 2453 1006 2482 et
1037 2459 1182 2487 crassus,
1214 2458 1306 2480 nune
1337 2446 1520 2479 velutiniis.

55 2548 147 2571 nune
176 2537 358 2580 strigosus.

191 2652 306 2693 Var.:
337 2654 376 2706 β.
407 2654 650 2700 spathulatus
680 2648 749 2687 FP..
782 2646 807 2685 l.
840 2659 873 2683 (τ.
906 2668 957 2673 --——
989 2642 1127 2683 Pileus
1160 2640 1306 2687 tenuis,
1338 2638 1376 2678 iu
1408 2636 1520 2687 stipi-

57 2734 138 2770 tem
182 2731 349 2771 brevem
393 2727 608 2769 lateralem
653 2728 883 2778 porrectus,
931 2721 1110 2768 villosus,
1159 2718 1340 2771 margine
1386 2720 1519 2754 acuto.
