1784 3177
267 188 319 226 60

505 313 620 353 XIII.
681 313 1161 356 MELAMPSORELLA
1193 317 1378 357 Scuuom.

350 405 382 443 1.
443 402 496 442 M.
543 403 1127 457 Garyophylleacearum
1176 405 1256 458 (DE
1301 405 1363 457 C.)
1406 406 1592 446 Scflssom.
1632 406 1674 445 in

214 481 353 522 Hedw.
390 483 507 528 1874,
539 494 578 533 p.
611 483 677 522 85.

344 570 375 611 I.
435 570 528 611 Sori
558 571 693 623 sparsi
725 572 786 613 vel
816 572 1007 626 gregarii,
1040 573 1083 612 in
1112 573 1436 626 pseudoperidio
1464 574 1677 627 sphaeroi-

213 650 303 699 deo,
335 650 647 703 parenchyrnati
678 650 820 691 innato
850 650 1017 700 evoluti,
1051 651 1214 692 denium
1245 652 1541 704 epidermidem
1569 667 1677 692 rum-

213 734 370 781 pentes,
401 731 546 778 0,5—1
585 744 719 769 mmm.
751 729 837 778 lati,
861 730 969 770 laete
993 731 1107 770 aurei
1131 730 1191 771 vel
1215 731 1536 772 subaurantiaci.
1588 732 1678 785 Sty-

212 809 407 860 losporae
438 808 796 860 sphaeroideo—vel
827 808 1306 862 ovoideo-ellipsoideae‚
1347 810 1527 859 sessiles,
1567 811 1676 850 echi-

212 890 348 936 natae‚
381 886 627 927 dilutissime
657 886 788 927 flavae
819 889 869 940 (s.
902 888 987 940 m),
1017 887 1160 942 longit.
1191 890 1352 929 20—26
1386 904 1535 939 mmm„
1567 902 1678 929 cras-

214 966 279 1006 sit.
316 967 475 1006 13—16
506 979 643 1004 mmm.

346 1054 419 1094 ΙΙΙ.
481 1055 573 1095 Scri
613 1055 931 1104 maculiformes‚
973 1055 1147 1096 subinde
1189 1055 1446 1109 superficiem
1487 1056 1678 1097 foliorum

213 1134 449 1174 inferiorem
505 1138 635 1174 totam
682 1137 949 1186 occupantes,
1000 1133 1211 1175 rubentes.
1270 1134 1593 1187 Teleutosporae
1637 1135 1677 1174 in

214 1212 375 1253 cellulis
407 1212 746 1264 epidermialibus
776 1216 1013 1266 generatae,
1045 1213 1269 1265 simplices,
1301 1213 1561 1264 rotundatae,
1593 1227 1678 1253 mu-

214 1297 286 1332 tua
329 1292 544 1344 pressione
589 1292 823 1344 angulatae,
870 1291 1079 1345 episporio
1125 1291 1302 1346 hyalino,
1349 1292 1679 1345 protoplasmate

214 1371 322 1411 laete
354 1384 489 1419 roseo,
520 1371 758 1423 granuloso,
790 1370 912 1411 diam.
948 1372 1106 1412 13-15
1141 1386 1273 1411 mmm.

345 1469 427 1511 Syn.
458 1465 505 1500 II.
573 1466 686 1500 Uredo
721 1468 911 1511 pustulata
941 1464 966 1514 β
998 1468 1105 1501 Pssns.
1136 1469 1218 1511 Syn.
1249 1468 1362 1510 Fung.
1394 1479 1427 1511 p.
1461 1465 1550 1500 219.
1617 1467 1676 1503 Ur.

215 1532 596 1578 Caryophyllacearum
626 1536 679 1568 DE
719 1535 756 1568 C.
786 1535 879 1568 Flor.
912 1535 1034 1568 Frane.
1067 1547 1099 1579 p.
1134 1532 1195 1568 85.
1262 1534 1319 1567 Ur.
1352 1534 1539 1567 Stellariae
1570 1535 1677 1568 FUCK.

213 1602 277 1634 En.
308 1602 418 1644 Fung.
450 1602 550 1636 Nass.
583 1613 618 1645 p.
651 1599 713 1635 84.

346 1681 482 1714 Exsicc.
542 1693 573 1714 v,
604 1681 720 1714 Tus-21.
752 1681 841 1724 Myc.
874 1680 968 1714 univ.
1001 1678 1091 1714 443.

348 1764 453 1804 Hab.
514 1764 560 1804 In
591 1764 701 1805 foliis
733 1763 1000 1816 caulibusqve
1032 1763 1131 1804 vivis
1163 1764 1450 1804 Stellariarum
1474 1763 1678 1803 variarum

216 1856 292 1883 nec
331 1856 413 1883 non
456 1847 618 1883 cet-ascia·
657 1847 840 1894 arvensc'S,
881 1843 920 1882 II
959 1846 1119 1883 aestate
1158 1847 1198 1883 et
1243 1846 1451 1891 autumno,
1484 1842 1543 1882 III
1574 1854 1679 1882 vere.

214 1921 336 1973 Apud
375 1936 450 1962 nos
488 1922 689 1963 hactenus
731 1925 892 1962 tantum
928 1922 969 1961 in
1002 1936 1101 1975 agro
1134 1921 1395 1962 Mustialensi
1425 1921 1558 1961 forma
1589 1933 1679 1960 ure-

214 1999 337 2040 dinea
367 1999 446 2041 fine
480 2001 629 2041 mensis
664 2000 835 2054 Augusti
867 2001 994 2042 semel
1023 2002 1065 2041 in
1096 2003 1281 2041 S'lellarc'a
1309 2004 1514 2050 qramz'nea
1550 2014 1573 2039 a
1609 2012 1678 2039 no-

215 2077 279 2118 bis
309 2077 418 2118 lecta
449 2082 513 2119 est
542 2079 645 2119 haec
675 2079 870 2120 facillime
893 2079 1057 2134 (saltem
1080 2080 1120 2119 in
1144 2082 1254 2119 statu
1276 2079 1406 2133 sicco)
1427 2077 1682 2131 praetervisa

217 2155 391 2208 species,

630 2303 738 2343 XIV.
800 2303 1168 2343 CRONARTIUM.
1201 2303 1268 2342 Fa.

355 2394 388 2431 1.
449 2393 519 2432 Cr.
553 2393 942 2446 Asclepiadeum
973 2393 1040 2432 Fa.
1074 2392 1173 2433 Obs.
1206 2406 1308 2445 myc.
1341 2392 1370 2445 Ι,
1404 2406 1442 2444 p.
1476 2393 1569 2432 220.

353 2481 402 2520 ΙΙ.
464 2482 555 2522 Scri
582 2483 835 2536 hypophylli,
868 2482 1016 2535 sparsi,
1048 2481 1262 2536 aggregati
1294 2481 1357 2521 vel
1388 2481 1573 2522 obsolete
1605 2480 1682 2520 cir-

218 2559 416 2607 cinantes‚
449 2560 833 2614 pseudosporangio
866 2560 1195 2609 membranaceo,
1226 2573 1329 2612 poro
1361 2558 1512 2611 apicali
1542 2557 1681 2610 pervio

219 2642 291 2679 aut
330 2638 439 2677 varie
478 2637 616 2678 lacero
656 2639 893 2691 singulatim
933 2639 1135 2687 instructi,
1166 2638 1352 2679 brunnei.
1414 2636 1681 2690 Stylosporae

220 2715 797 2769 ellipsoideo-sphaeroideae,
831 2717 1060 2767 echinatae,
1091 2716 1282 2772 primitus
1312 2714 1598 2769 pedicellatae.
