1784 3177
1379 218 1456 257 350

174 340 255 384 Syn.
309 338 550 383 Lycopen-don
570 339 794 383 fornicatam
827 343 938 377 Hans.
974 346 1062 390 Aug.
1096 349 1141 389 II,
1174 361 1205 392 p.
1242 348 1331 383 644.
1368 351 1513 384 master

39 417 280 463 quadrifidum
309 418 362 451 De
392 418 430 451 O.
462 418 555 452 Flor.
595 418 720 453 Franc.
752 420 798 461 ΙΙ,
831 432 863 464 p.
899 417 988 456 267.
1049 424 1270 460 Plecoseoma
1291 429 1512 472 fornicatum

41 497 152 533 Gom).
185 497 281 531 Icon.
311 497 424 540 Fung.
454 497 499 538 V,
532 508 565 541 p.
600 495 662 541 65,
695 502 718 532 t.
750 499 813 541 IV,
841 500 863 533 s.
897 498 960 534 43.
995 500 1142 536 Gens-ter
1161 506 1366 548 fornicatus
1399 509 1510 542 (foox.

39 577 129 611 Brit.
161 576 272 620 Fung.
302 576 331 619 I,
363 587 397 620 p.
432 572 523 610 369.

174 657 282 700 Hab.
342 657 466 712 Apud
511 671 587 699 nos
616 658 863 712 parcissime
894 661 1017 703 modo
1048 663 1178 705 lectus
1209 666 1248 705 in
1280 666 1391 708 silvis
1422 682 1512 710 acc-

39 738 147 780 rosis
177 738 219 779 in
255 738 426 793 regione
456 725 653 789 Rboensi,
686 738 952 790 Merimasku‚
985 744 1025 782 et
1054 743 1095 782 in
1126 757 1238 796 prov,
1271 746 1513 798 Satakunta,

40 819 194 873 Tyrvis.

174 909 273 950 Var.
318 912 356 964 β.
403 913 626 957 multifidus.
659 933 712 938 -—
743 909 953 951 Peridium
994 913 1175 955 exterius
1205 914 1245 954 in
1278 916 1300 955 5
1332 916 1394 957 vel
1424 916 1513 969 plu·

39 1002 106 1031 res
136 988 313 1031 lacinias
345 988 577 1030 dehiscens.
609 1014 663 1019 „—
695 989 742 1029 In
771 989 991 1043 Pisparisti
1021 992 1133 1034 haud
1164 994 1308 1045 procul
1339 995 1390 1037 ab
1422 984 1512 1037 Rho

41 1068 169 1110 semel
199 1068 387 1123 legimus.

175 1195 212 1233 2.
275 1191 322 1233 G.
356 1190 692 1245 calyculatus
723 1191 838 1232 Fuca.
875 1191 1010 1247 Symb.
1044 1208 1145 1248 lnyc.
1176 1209 1215 1247 p.
1248 1196 1313 1236 37.

174 1272 385 1315 Peridium
429 1270 612 1313 exterius
658 1271 711 1312 ad
756 1271 937 1313 medium
976 1272 1308 1326 multipartitum,
1354 1274 1515 1316 laciniis

41 1352 255 1403 coriaceis,
287 1350 820 1405 lato-subtriangularibus,
854 1351 1017 1393 deinum
1047 1351 1226 1403 reflexis,
1258 1356 1376 1395 extus
1398 1354 1516 1407 palli-

42 1431 119 1483 dis,
148 1431 260 1473 intus
291 1430 593 1486 griseo-fuscis.
654 1429 867 1471 Peridium
896 1429 1070 1472 int-erius
1093 1431 1424 1484 sphaeroideum‚
1446 1446 1516 1485 pe-

42 1510 295 1562 dioellatum,
326 1510 485 1565 pallide
530 1509 726 1565 griseum,
759 1522 832 1550 ore
862 1509 984 1564 longe
1015 1510 1230 1561 conoideo,
1261 1511 1429 1564 plicato,
1462 1512 1516 1553 ci-

41 1591 158 1642 liato,
188 1591 319 1633 fusco.
381 1589 638 1632 Pedicellum
671 1588 931 1631 obconicum.
965 1589 1122 1643 Sporae
1153 1588 1516 1644 angulato-sphae-

40 1671 222 1720 roideae,
253 1670 518 1726 granulosae‚
548 1670 705 1719 fuscae,
739 1669 862 1711 diam.
894 1671 1003 1710 4—ss
1034 1684 1171 1709 mmm.

174 1761 283 1803 Hab.
344 1760 391 1802 In
435 1761 597 1803 acervis
642 1759 910 1802 formicarum
941 1759 1112 1801 vetustis
1142 1759 1183 1799 in
1215 1758 1316 1800 silva
1343 1771 1516 1800 acerosa

42 1840 337 1894 Haarankorpi
367 1852 500 1894 prope
530 1839 729 1881 Mustiala
760 1851 857 1880 raro
887 1837 1042 1880 obvius.

445 1974 516 2016 IX.
576 1974 815 2016 BOVISTA
847 1973 959 2014 Dur.
991 1973 1108 2013 Pans.

180 2068 215 2107 1.
273 2066 321 2106 B.
353 2065 665 2120 nigrescens
696 2064 815 2106 Pssns.
849 2063 944 2118 Syn.
975 2062 1104 2117 Fung.
1136 2076 1175 2115 p.
1212 2063 1302 2102 136.

175 2145 387 2188 Peridium
418 2143 833 2198 subsphaeroideum,
878 2145 1016 2192 tenax,
1061 2154 1351 2195 papyraceum,
1383 2140 1516 2194 primo

43 2225 198 2276 album,
229 2225 395 2267 demum
415 2225 670 2280 nigrescens,
694 2223 848 2265 cortice
870 2224 1152 2264 evanescente.
1191 2220 1350 2273 Sporae
1371 2219 1518 2273 sphae-

41 2306 213 2349 roideae
243 2306 308 2348 vel
337 2303 906 2358 obovoideo-sphaeroideae,
938 2301 1079 2342 fuscae
1100 2299 1195 2353 (sub
1218 2299 1333 2340 micr.
1355 2298 1516 2351 flavae),

45 2386 168 2429 diam.
201 2387 310 2429 5—ss
341 2401 479 2427 mmm.

177 2473 262 2518 Syn.
290 2471 443 2506 Bovista
473 2472 672 2516 nigrescens
702 2471 765 2503 Fa.
794 2470 886 2513 Syst.
917 2478 1004 2512 myc.
1037 2467 1102 2508 111,
1133 2478 1167 2511 p.
1199 2462 1261 2500 23.
1293 2465 1401 2500 Coox.
1425 2465 1514 2499 Brit.

43 2554 156 2598 Fung.
188 2554 217 2596 I,
248 2565 283 2598 p.
316 2550 408 2587 371.
467 2552 604 2586 KARs'r.
633 2550 724 2584 Finl.
753 2549 807 2582 ck.
839 2548 932 2581 Flor.
963 2557 997 2590 p.
1029 2543 1092 2579 46.

178 2632 313 2667 Exsicc.
343 2632 478 2666 KARs‘r.
509 2631 622 2674 Fung.
652 2630 761 2663 Fenn.
800 2624 884 2660 177.

180 2714 288 2756 Hah.
329 2714 453 2756 Locis
481 2711 728 2765 graminosis
756 2710 798 2750 in
830 2711 919 2749 tota
950 2707 1107 2748 Fennia
1135 2710 1175 2748 et
1196 2704 1409 2758 Lapponia
1432 2716 1518 2743 ros·

46 2794 134 2836 sica
163 2797 229 2836 sat
258 2794 465 2847 freqvens,
498 2795 659 2834 aestate
689 2792 731 2830 et
761 2791 970 2830 autumno.
