1784 3177
1417 185 1465 224 61

191 313 254 352 76.
318 313 397 364 Ag.
429 308 714 351 vibecinus
748 309 814 349 Fa.
848 308 948 350 obs.
980 310 1031 359 11,
1062 324 1102 363 p.
1135 311 1229 351 209.

188 391 327 431 Pileus
358 389 794 438 submembranaceus,
818 402 838 429 e
861 388 986 441 plano
1008 389 1418 440 infundibuliformis,
1440 390 1527 444 gla-

54 471 140 519 ber,
171 469 478 524 hygrophanus,
508 468 692 521 margine
717 481 810 509 mox
831 470 999 521 patente
1021 468 1182 518 striato,
1205 469 1526 523 griseo-lividus,

53 549 188 591 siccus
221 549 397 590 albidus.
458 547 597 601 Stipes
629 547 825 600 aeqvalis‚
858 561 995 598 cavus,
1022 547 1172 598 mollis,
1195 548 1351 601 glaber,
1373 548 1527 590 subun-

54 628 232 678 dulatus,
265 626 602 682 griseo-albidus.
664 626 873 667 Lamellae
904 626 1039 679 primo
1071 627 1263 677 adnatae,
1287 627 1381 668 dein
1403 628 1526 681 longe

53 707 331 757 decurrentes,
362 707 429 748 vix
460 706 684 756 confertae,
717 705 1056 760 griseo-albidae.

185 793 266 837 Syn.
325 790 504 837 Agyaricus
532 792 706 826 vibecinus
737 794 797 827 Fa.
828 794 946 838 Epicr.
976 794 1068 838 Sys‘t.
1090 805 1177 838 myc.
1200 805 1232 839 p.
1263 789 1324 835 75,
1346 793 1442 828 leon.
1464 792 1525 828 sel.

52 871 153 915 Hym.
185 883 217 915 p.
251 868 312 911 57,
344 876 368 906 t.
402 870 464 914 58,
496 868 518 907 f.
555 871 569 906 1
607 876 642 906 et
673 873 774 917 Hym.
806 884 876 907 eur.
909 885 941 918 p.
978 870 1064 907 10¹2.

184 956 290 996 Hab.
351 956 464 997 Inter
503 971 667 998 muscos
707 957 890 1007 altiores,
931 958 1157 1011 praecipue
1197 957 1300 999 locis
1331 958 1524 1009 humidis,

49 1035 89 1074 in
122 1035 273 1087 pinetis
307 1036 486 1077 Fenniae
518 1036 726 1086 australis,
759 1039 956 1077 autumno
989 1037 1149 1087 seriori,
1180 1051 1313 1079 rarus.

183 1121 299 1154 Pileus
338 1121 434 1155 disco
473 1122 598 1155 leviter
637 1133 812 1163 carnosus,
843 1123 988 1155 striatus
1018 1121 1152 1165 (udus),
1186 1121 1291 1157 3-ss
1324 1135 1387 1158 cm.
1418 1125 1521 1158 latus.

50 1201 166 1244 Stipes
206 1201 280 1234 basi
320 1201 472 1242 villosus,
515 1198 620 1234 5—9
653 1212 717 1242 cm,
749 1202 884 1244 longus.
946 1202 1074 1235 Forma
1104 1203 1268 1246 primaria
1298 1203 1391 1236 inter
1420 1204 1523 1248 Poly·

50 1257 170 1321 tricha,
217 1280 402 1324 praecipuo
447 1281 490 1313 ad
533 1280 707 1324 margines
753 1281 929 1324 paludum,
961 1283 1120 1325 gregat-ie
1151 1286 1187 1315 et
1217 1282 1382 1323 serIatim,
1413 1282 1524 1316 forma

50 1359 159 1391 altera
190 1359 305 1402 paullo
327 1359 447 1402 major,
469 1359 599 1402 stipitis
619 1360 694 1392 basi
717 1360 819 1400 nuda,
842 1361 928 1394 locis
949 1361 1157 1404 graminosis
1178 1362 1334 1396 solitarie
1357 1363 1522 1398 nascitur.

183 1452 228 1492 B.
288 1453 430 1493 Pileus
469 1452 763 1503 subcarnosus,
804 1467 825 1494 e
856 1467 1039 1496 convexo
1071 1454 1323 1509 applanatus
1355 1458 1524 1511 depres-

50 1545 169 1573 susve
214 1534 315 1584 (non
359 1531 790 1586 infundibuliformis),
837 1537 956 1574 extus
997 1534 1188 1587 intusqve
1226 1535 1345 1585 udus,
1377 1536 1526 1590 hygro—

49 1611 224 1663 phanus,
270 1611 438 1664 politus,
485 1624 560 1652 nec
606 1612 895 1664 sqvamulosus
935 1613 997 1653 vel
1034 1613 1255 1655 farinosus.
1314 1615 1525 1656 Lamellae

49 1690 273 1739 confertae,
314 1693 472 1740 tenues,
512 1690 675 1742 planae,
718 1690 897 1732 adnatae
928 1692 992 1733 vel
1023 1692 1233 1733 denticulo
1264 1696 1425 1734 tantum
1456 1694 1525 1734 de-

50 1772 275 1810 currentes.
346 1768 471 1810 Color
510 1770 703 1810 sordidus
743 1770 804 1811 vel
837 1784 991 1823 aqvose
1023 1771 1187 1812 albidus
1220 1772 1282 1813 vel
1312 1772 1523 1813 subaluta-

50 1862 159 1890 cens.
193 1873 243 1877 ——
276 1848 445 1901 Species
474 1848 677 1901 plurimae
710 1849 911 1902 plebejae,
944 1863 1067 1903 aegre
1099 1853 1140 1891 et
1159 1851 1252 1903 jove
1274 1851 1412 1904 pluvio
1435 1854 1525 1891 tan-

49 1930 134 1967 tum
165 1927 539 1980 recognoscendae.

183 2050 245 2089 77.
307 2051 390 2103 Ag.
423 2050 744 2090 metaclirous
778 2051 844 2091 Fa.
879 2051 986 2105 Syst.
1022 2065 1125 2106 myc.
1159 2051 1188 2102 I,
1221 2065 1261 2105 p.
1297 2054 1388 2094 172.

181 2127 396 2169 Inodorus.
457 2128 596 2168 Pileus
643 2129 937 2179 subcarnosus,
980 2144 1001 2170 e
1041 2143 1225 2171 convexo
1257 2130 1422 2184 planus,
1454 2131 1523 2172 de-

49 2220 229 2259 pressus,
275 2207 502 2260 glabratus,
548 2208 740 2260 primitus
784 2209 939 2260 fuscus,
986 2209 1152 2251 adultus
1193 2209 1355 2260 lividus,
1388 2210 1523 2252 siccus

50 2284 279 2334 albescens,
313 2286 496 2338 margine
529 2286 692 2326 demum
723 2287 928 2328 striatulo.
998 2288 1136 2341 Stipes
1167 2301 1188 2328 e
1220 2288 1352 2329 farcto
1385 2302 1522 2337 eaVUS,

50 2364 247 2415 aeqvalis,
278 2368 416 2417 tenax,
449 2378 611 2405 sursum
643 2366 1144 2419 pulveraceo-pruinatus.
1205 2367 1415 2408 Lamellae
1452 2368 1522 2407 ad-

50 2446 185 2492 natae,
209 2443 434 2492 confertae,
465 2443 620 2496 pallide
652 2445 971 2486 cinerescentes.

183 2528 264 2571 Syn.
296 2526 475 2570 Ayaricus
504 2528 723 2561 metae-Ieron&
754 2530 815 2563 Fa.
847 2530 962 2574 Epicr.
992 2531 1084 2575 Syst.
1115 2542 1202 2575 myc.
1230 2541 1264 2574 p.
1289 2528 1337 2563 77
1362 2534 1397 2564 ct
1420 2531 1519 2575 Hym.

49 2615 119 2639 eur.
151 2617 184 2649 p.
222 2603 307 2639 103.

180 2677 288 2718 Hab.
348 2677 394 2717 In
433 2678 585 2730 pinetis
625 2679 870 2722 siccioribus
910 2680 1092 2723 Fenniae
1133 2681 1330 2723 australis
1365 2685 1407 2722 et
1439 2696 1521 2722 mee

49 2755 141 2795 diae
177 2755 443 2803 <Jakobstad:
484 2758 591 2809 ipse)
628 2759 840 2799 mensibus
881 2760 1174 2812 Sept‚—-Nov.‚
1212 2765 1277 2801 sat
1315 2760 1517 2811 freqvens.
