1784 3177
267 199 318 238 68

342 323 394 364 II.
453 322 643 362 MUOOR
673 322 787 363 Mmu.
820 322 921 364 Nov.
953 322 1085 362 Plant.
1121 320 1222 361 Gen.
1254 334 1293 373 p.
1325 321 1420 361 215.

341 400 516 453 Hyphae
560 399 720 440 fertiles
764 399 1026 453 vegetatione
1073 397 1278 447 definitae,
1324 397 1548 450 sporangia
1584 397 1674 437 uni·

209 478 332 520 moda
361 478 591 530 gignentes,
613 477 835 530 simplices.
894 477 1014 517 Rami
1035 475 1265 529 copulativi
1288 489 1319 515 s.
1348 474 1538 515 sexuales
1558 473 1674 515 recti.

342 555 415 595 ΙΙΙ.
476 555 770 596 SPINELLUS
803 569 836 596 v.
867 555 1000 594 Tmou.
1031 555 1159 595 Nouv.
1180 554 1306 594 Rech.
1328 553 1485 594 Mucor.
1507 553 1549 593 in
1570 554 1673 593 Ann.

212 649 267 677 sc.
299 637 383 675 nat.
416 634 490 675 six.
523 633 601 675 ser.
634 637 732 675 tom.
763 634 782 674 Ι
813 635 954 685 (1875)
988 647 1026 685 p.
1059 634 1124 674 66.

342 712 461 754 Rami
501 711 723 765 copulativi
763 711 932 760 curvati,
970 710 1120 752 laeves.
1180 709 1354 764 Hyphae
1394 709 1556 763 mycelii
1594 709 1676 763 spi-

213 792 397 834 nulosae.
456 790 633 831 Caetera
662 789 828 843 prioris.

471 905 607 950 Fam.
644 904 712 949 11.
786 902 1425 949 SAPROLEGNIAGEAE.

347 991 515 1044 Organa
544 987 836 1043 reproductiva
869 989 1046 1041 duplicis
1076 989 1258 1042 generis:
1302 991 1340 1039 1)
1375 988 1677 1042 zoosporangia

214 1083 245 1110 S.
277 1069 536 1123 zoogonidia‚
569 1082 670 1109 sexu
700 1067 899 1117 carentia,
930 1068 972 1107 in
1003 1068 1128 1108 ramis
1160 1067 1322 1121 mycelii
1351 1067 1531 1120 propriis
1562 1068 1678 1121 (hyp-

213 1148 276 1188 his
306 1146 713 1200 zoosporangiiferis)
746 1146 995 1194 terminalia,
1027 1149 1098 1186 aut
1129 1159 1346 1198 sperarum
1376 1146 1504 1186 vicem
1535 1159 1678 1199 geren-

213 1226 284 1275 tia,
324 1225 367 1266 id
397 1228 459 1265 est
490 1224 762 1278 germinando
793 1227 938 1264 tubum
969 1223 1211 1276 simplicem,
1243 1223 1513 1276 primordium
1545 1237 1678 1278 myce-

211 1303 257 1343 lii
286 1302 392 1352 novi,
423 1302 726 1355 protrudentia,
759 1305 830 1342 aut
859 1315 1085 1354 zoosporas
1107 1301 1340 1355 gignentia3
1372 1304 1412 1347 2)
1437 1315 1593 1355 organa
1614 1316 1677 1343 se-

212 1380 372 1421 xualia:
411 1379 589 1432 oogonia
625 1379 667 1419 in
704 1379 831 1420 ramis
867 1379 1030 1433 mycelii
1062 1383 1166 1429 orta,
1197 1379 1431 1420 terminalia
1461 1380 1523 1421 vel
1552 1380 1677 1420 interr

215 1457 400 1507 stitialia,
447 1456 735 1510 sphaeroidea‚
776 1457 1067 1498 fecundatione
1107 1460 1292 1510 peracta,
1324 1471 1524 1510 oosporas
1555 1471 1678 1511 gene-

213 1536 366 1586 rantia3
407 1535 641 1576 antheridia
679 1535 721 1574 in
760 1535 930 1576 ramulis
971 1535 1134 1589 mycelii
1169 1536 1404 1577 terminalia
1441 1536 1505 1577 vel
1548 1536 1676 1577 inter-

213 1613 398 1663 stitialia,
430 1627 452 1654 e
482 1613 640 1666 papilla
671 1616 818 1665 aperta
849 1613 910 1653 vel
942 1627 1016 1666 per
1046 1613 1189 1654 tubum
1218 1619 1450 1668 angustum,
1474 1615 1676 1656 membra-

211 1706 307 1733 nam
351 1691 517 1745 ocgonii
562 1691 857 1744 perforantem,
904 1695 976 1732 aut
1020 1692 1307 1745 protoplasma
1350 1694 1555 1747 integrum
1604 1697 1676 1735 aut

212 1770 519 1819 antherozoida,
561 1769 788 1822 primordia
819 1783 1089 1822 oosporarum
1121 1771 1399 1822 fecundantia,
1430 1772 1675 1814 emittentia.

346 1872 583 1911 Subfam.1.
642 1872 1094 1911 PERONOSPOREAE.

343 1948 654 2001 Zoosporangia
687 1948 871 1989 seriatim
903 1949 1168 2002 superposita
1198 1950 1260 1991 vel
1297 1950 1498 2001 solitaria,
1535 1934 1674 1992 termi-

212 2026 323 2067 nalia
352 2027 393 2066 in
423 2026 550 2066 ramis
578 2026 740 2079 mycelii
769 2027 963 2079 propriis,
995 2028 1235 2080 plerumqve
1267 2029 1396 2082 septis
1417 2030 1582 2071 omnino
1605 2030 1673 2071 de-

213 2104 380 2153 stitutis,
412 2117 434 2144 e
465 2103 720 2156 epidermide
744 2105 911 2156 plantae
932 2106 1106 2147 nutricis
1128 2107 1434 2160 emergentibus
1457 2108 1519 2149 vel
1540 2122 1673 2150 erum-

208 2181 414 2234 pentibus,
447 2181 685 2222 maturitate
726 2181 914 2224 decidua.
973 2184 1213 2237 Zoosporae
1244 2185 1350 2226 ciliis
1382 2186 1545 2227 duabus
1585 2201 1671 2227 mu-

210 2258 333 2299 nitae.
393 2258 582 2311 Oogonia
626 2272 790 2311 semper
830 2260 872 2299 in
909 2262 1229 2315 pai-enchymate
1267 2263 1436 2315 plantae
1480 2264 1670 2317 hospitae

207 2335 381 2384 inclusa,
421 2335 788 2387 subsphaeroidea,
827 2337 1119 2379 fecundatione
1158 2344 1341 2392 peracta,
1373 2354 1575 2394 oosporas
1605 2354 1670 2382 so-

207 2411 368 2453 litarias
406 2413 658 2464 generantia.
719 2413 963 2455 Antheridia
1001 2415 1173 2456 cellulas
1217 2417 1425 2470 simplices
1465 2418 1666 2468 sistentia,

207 2488 491 2542 irregulariter
523 2490 783 2544 oblongatas,
815 2492 1078 2542 obovoideas,
1110 2494 1307 2543 clavatas,
1342 2495 1565 2546 solitarias,
1598 2509 1668 2537 oo-

207 2566 340 2621 goniis
370 2568 482 2606 arcte
513 2566 734 2618 adpressas
765 2568 987 2622 tubumqve
1017 2575 1236 2624 angustum
1268 2573 1432 2626 oogonii
1464 2574 1666 2615 membra-

206 2658 302 2685 nam
331 2643 610 2696 perforantem
641 2645 911 2696 primordium
938 2661 1141 2700 oosporae
1167 2650 1457 2691 fecundantem
1478 2651 1665 2692 emitten-

208 2727 282 2763 tes.
341 2719 646 2761 Antherozoida
681 2721 806 2762 nulla.
867 2725 1081 2776 Oosporae
1112 2727 1359 2779 endosporio
1390 2742 1544 2778 crasso,
1567 2729 1664 2783 hya-
