1784 3177
281 199 362 239 332

358 324 521 373 Tenuis,
552 324 846 374 ramosissima,
876 339 1041 379 rugosa,
1071 326 1464 380 pallido-ochracea.
1504 328 1688 369 Truncus

225 403 373 452 tenuis,
407 402 684 452 brevissimus,
728 403 886 456 glaber,
923 404 1058 445 rarius
1088 404 1180 445 basi
1211 404 1511 447 albo—villosus.
1571 407 1689 447 Rami

225 479 498 532 inaeqvaliter
528 480 753 522 dichotomi
783 481 846 523 vel
895 482 1330 534 verticillato-ramosi,
1382 498 1543 526 sursum
1588 485 1689 526 dila-

225 558 314 607 tati,
342 557 530 608 conferti,
562 563 871 613 convergentes‚
903 560 1026 600 acuti.

357 644 440 688 Syn.
502 641 680 677 Clamo-ia
709 650 903 688 corrugyata
931 646 993 679 Fu.
1027 646 1129 691 Hynl.
1160 658 1231 681 eur.
1261 659 1296 691 p.
1331 645 1420 680 671.

359 725 468 766 Hah.
526 727 591 768 Ad
621 729 775 767 terram
807 741 1025 768 arenosam
1055 728 1163 769 inter
1196 729 1322 770 Alnos
1352 728 1393 769 in
1425 728 1566 782 pineto
1598 730 1690 783 Syr-

218 803 312 856 joas
342 818 473 858 prope
503 804 700 846 Mustiala
726 819 866 846 mense
898 807 1071 860 Augusti
1105 809 1209 848 1866
1240 810 1420 860 reperta.

364 889 466 924 l-w3
499 902 564 924 on]-
598 892 679 925 alba.
738 892 836 925 Inter
868 889 971 924 Clau.
1004 892 1195 926 abietinam
1224 896 1261 927 et
1283 891 1386 926 Clav.
1406 893 1600 937 flaccidam
1621 905 1690 927 me-

224 969 292 1013 dia,
323 971 366 1004 ab
396 971 457 1004 illa
485 971 726 1013 magnitudine
756 971 893 1013 minori,
923 972 1028 1005 ramis
1066 972 1359 1016 convergentibus
1389 976 1426 1006 et
1456 976 1581 1006 trunco
1611 975 1692 1007 sub-

224 1051 357 1093 glabro,
388 1051 432 1083 ab
461 1050 526 1083 hac
569 1050 752 1094 superficie
784 1050 884 1083 valde
919 1062 1055 1094 rugosa,
1087 1052 1191 1085 ramis
1221 1063 1355 1085 sursum
1387 1052 1535 1085 crassius
1565 1053 1687 1086 dilata-

226 1128 271 1161 tis
301 1128 474 1161 differens.
533 1128 665 1171 Sporae
695 1128 818 1171 longit.
852 1128 992 1162 circiter
1022 1127 1043 1162 6
1075 1141 1202 1171 mmm„
1234 1130 1368 1163 crassit.
1402 1128 1425 1163 4
1456 1142 1572 1163 mmm.

362 1267 424 1305 15.
485 1265 550 1305 Ol.
581 1265 802 1307 flaccida
833 1266 901 1306 Fu.
933 1266 1040 1320 Syst.
1075 1281 1174 1320 myc.
1207 1267 1238 1317 Ι,
1269 1282 1308 1321 p.
1332 1270 1424 1309 471.

358 1344 521 1393 Tenuis,
567 1345 863 1395 ramosissima‚
909 1345 1098 1394 flaccida,
1144 1346 1359 1387 ochraoea.
1418 1347 1603 1388 Truncus
1633 1350 1692 1388 te-

224 1422 329 1472 nuis,
361 1421 642 1472 brevissimus,
673 1423 831 1476 glaber.
889 1423 1009 1463 Rami
1046 1424 1233 1473 conferti,
1263 1424 1413 1474 laeves,
1441 1424 1691 1478 inaeqvales,

226 1505 535 1555 eonvergentes,
568 1503 691 1543 acuti.

358 1587 440 1631 Syn.
502 1585 679 1621 Clamo-ia
712 1588 872 1632 flaccida,
915 1588 981 1622 ΕΒ.
1027 1589 1145 1633 Epior.
1191 1589 1284 1633 Syst.
1330 1600 1418 1633 niyo.
1461 1601 1494 1633 p.
1533 1586 1609 1621 574
1655 1592 1691 1622 eb

227 1666 328 1710 Hym.
359 1677 430 1700 eur.
460 1678 495 1711 p.
528 1664 619 1700 671.

359 1745 492 1779 Exsiec.
522 1746 657 1780 KARST.
688 1747 797 1789 Fuug.
830 1747 938 1780 Fenn.
972 1744 1064 1780 918.
1094 1747 1181 1780 ΗΑΒ.
1212 1747 1324 1790 Fung.
1356 1757 1428 1779 eur.
1451 1747 1505 1779 ed.
1527 1746 1574 1787 11,
1597 1744 1688 1779 314.

360 1827 466 1868 Hah.
529 1828 667 1881 Supra
709 1828 811 1869 folia
855 1832 1101 1870 coacervata
1127 1828 1250 1881 pinea
1281 1827 1383 1870 locis
1413 1828 1619 1869 umbrosis
1649 1828 1690 1869 in

227 1906 422 1958 paroecia
451 1907 662 1948 Tammela
693 1910 758 1947 sat
787 1907 978 1959 freqvens
1009 1910 1218 1948 autumno.

363 1990 415 2025 Ol.
447 1991 602 2025 abietina
644 1994 755 2026 multo
800 1994 939 2027 tenuior
983 1999 1018 2026 et
1062 1994 1185 2027 minor.
1244 1993 1386 2035 (flabra,
1417 1993 1477 2026 sed
1507 1994 1688 2037 myoelium

228 2070 412 2102 floccosum
444 2082 549 2114 supra
578 2071 660 2104 folia
690 2082 843 2115 serpeus.
890 2072 1021 2116 Sporae
1052 2071 1532 2116 ellipsoideo—sphaeroideae‚
1568 2072 1689 2115 longit.

230 2145 336 2180 4-5
368 2160 495 2189 mmm,
527 2149 660 2182 erassit.
693 2147 713 2182 3
737 2161 853 2183 mmm.

364 2298 459 2338 Var.
491 2301 529 2352 β.
560 2302 794 2340 dendroides
825 2299 968 2339 Kms'r.
1001 2299 1043 2339 in
1073 2299 1165 2340 Not.
1197 2313 1245 2339 ur
1276 2298 1424 2340 S'allsk.
1457 2313 1532 2352 pro
1563 2299 1690 2340 Faun.

230 2379 271 2417 et
299 2376 408 2418 Flor.
440 2376 548 2417 fenn.
581 2377 651 2427 lx,
687 2379 804 2428 1868,
834 2392 874 2431 p.
906 2380 999 2419 372.

364 2456 398 2494 A
429 2458 525 2507 typo
557 2455 695 2496 colore
727 2456 954 2497 virescente
986 2460 1027 2496 et
1057 2456 1174 2496 caule
1205 2455 1392 2509 longiore
1423 2455 1594 2496 diversa.

363 2532 470 2573 Hah.
502 2532 549 2572 In
580 2533 720 2585 pineto
753 2532 920 2588 Syrjoas
951 2548 1081 2587 prope
1112 2534 1308 2575 Mustiala
1339 2547 1477 2574 mense
1509 2534 1692 2585 Augusto

236 2613 338 2652 1866
370 2611 491 2652 lecta.

365 2756 409 2809 b)
440 2755 629 2806 Albidae,
660 2756 869 2798 violaceae
899 2757 962 2798 vel
990 2757 1243 2798 incarnatae.
1279 2781 1326 2787 -„
1358 2757 1602 2797 Terrestres.
