1784 3177
294 195 374 235 312

233 328 398 361 rimosum
428 328 556 360 evadit.
617 323 748 370 Sporae
778 328 1000 371 ellipsoideae
1031 329 1086 360 vel
1108 326 1590 370 sphaeroideo-ollipsoideae,
1610 327 1692 369 hya·

234 405 336 446 linae,
367 406 489 447 longit.
522 401 627 437 4-5
659 415 785 446 mmm„
817 406 950 438 crassit.
983 406 1120 438 circiter
1151 401 1172 436 3
1205 415 1321 436 mmm.

367 522 404 559 4.
465 519 507 559 C.
539 519 764 559 lacteum
792 519 859 559 Fn.
890 519 1027 571 Epior.
1061 518 1165 571 Syst.
1198 532 1300 571 myo.
1332 532 1372 570 p.
1403 519 1495 558 560.

368 597 567 646 Effusum,
615 597 987 645 membranaceum,
1032 597 1223 645 lacteum,
1270 596 1414 637 subtus
1459 599 1500 635 et
1539 595 1697 636 ambitu

234 675 330 716 laxe
372 674 630 716 fibrillosum.
690 675 934 728 Hymenium
973 675 1238 727 (perfectum)
1277 688 1505 723 ceraceum,
1538 677 1696 715 satura-

236 754 330 803 tius,
363 755 551 794 siccitate
581 754 966 806 rimoso-partitum.

368 839 449 883 Syn.
512 838 733 881 Thelephora
776 838 890 871 lactea
934 838 994 871 Fa.
1039 839 1129 882 Syst.
1173 849 1259 882 myc.
1297 849 1329 881 p.
1361 834 1450 870 452.
1512 835 1696 870 Coo-tioium

234 915 382 948 lacteum
412 916 475 949 Fa.
506 916 609 960 Hym.
641 927 712 949 eur.
743 928 776 959 p.
813 913 902 949 649.

368 997 475 1037 Hah.
536 997 670 1049 Supra
700 997 812 1051 ligna
843 1001 883 1037 et
914 998 1089 1038 cortices
1120 997 1312 1038 arborum
1343 997 1631 1037 frondosarum
1658 1000 1698 1037 et

237 1088 501 1115 acerosarum
532 1076 573 1114 in
605 1075 759 1116 Fennia
791 1076 938 1116 saltem
972 1076 1145 1116 australi
1176 1077 1343 1128 passim,
1375 1078 1584 1116 autumno.

370 1200 407 1238 5.
468 1197 512 1238 C.
543 1198 800 1238 radiosum
830 1198 898 1238 Fa.
931 1197 1068 1250 Epicr.
1101 1198 1205 1251 Syst.
1238 1212 1340 1251 myc.
1373 1212 1412 1250 p.
1444 1199 1535 1239 560.

370 1275 690 1324 Subroffindum,
724 1276 1095 1324 membranaceum,
1114 1276 1322 1324 adnutum,
1341 1276 1486 1316 subtus
1502 1277 1699 1329 adpresse

236 1353 495 1403 fibrillosum,
514 1354 670 1394 ambitu
691 1353 855 1394 fibrillis
877 1354 983 1394 albis
1004 1353 1267 1394 fimbriatum.
1308 1354 1551 1408 Hymenium
1573 1355 1699 1403 laeve,

238 1432 486 1479 alutaeeum,
518 1432 719 1485 glabrum,
752 1433 1001 1484 contiguum.

372 1514 453 1561 Syn.
514 1516 698 1550 Coracium
730 1516 975 1550 radiosumFss.
1008 1517 1109 1561 Hym.
1143 1528 1215 1550 eur.
1248 1529 1282 1561 p.
1318 1515 1407 1551 649.

371 1596 507 1629 Exsicc.
566 1596 701 1629 KARST.
733 1596 843 1638 Fung.
874 1596 981 1629 Fenn.
1016 1592 1093 1629 624
1125 1600 1160 1628 et
1192 1593 1281 1629 919.

372 1677 480 1717 Hab.
540 1677 603 1717 Ad
648 1678 823 1717 cort-iees
853 1677 1044 1730 lignaqve
1075 1691 1149 1729 per
1179 1681 1309 1718 totum
1339 1678 1591 1718 territorium
1621 1678 1702 1719 fre-

242 1756 560 1808 qventissimum.
623 1755 768 1795 Hieme
798 1756 952 1807 optime
983 1755 1188 1795 evolutum
1220 1755 1404 1808 legimus.

375 1841 478 1874 Color
507 1842 543 1874 in
574 1841 822 1884 speciminibus
852 1852 871 1873 a
901 1841 1001 1873 nobis
1031 1842 1114 1873 visis
1144 1841 1290 1881 albidus,
1321 1842 1357 1874 in
1388 1852 1547 1875 carneum
1579 1843 1703 1876 leviter

240 1930 399 1962 vergens,
442 1920 478 1952 in
522 1920 599 1952 udis
627 1920 802 1952 interdum
833 1930 961 1962 aqvose
993 1920 1139 1952 albidus.
1200 1920 1330 1962 Sporae
1360 1920 1703 1964 ellipsoideo-oblon-

241 2000 353 2040 gatae,
400 2002 516 2031 rectae
560 1998 615 2031 vel
660 1999 784 2030 leviter
823 1999 994 2039 curvulae,
1025 1999 1195 2042 hyalinae,
1226 1999 1349 2041 longit.
1386 1995 1542 2032 10—12
1573 2011 1702 2041 mmm„

242 2076 375 2108 erassit.
409 2072 514 2108 4-5
547 2087 662 2108 mmm.
726 2073 760 2107 C.
790 2077 981 2108 incarnato
1012 2077 1216 2119 proximum.

379 2193 415 2230 ὅ.
475 2189 517 2230 C.
551 2190 698 2230 laeve
728 2190 881 2242 (Piens).
915 2191 982 2230 FB.
1014 2190 1152 2243 Epicr.
1185 2191 1290 2243 Syst.
1322 2205 1424 2244 myc.
1457 2205 1496 2243 p.
1528 2192 1620 2234 560.

374 2266 574 2317 Effusum,
607 2268 977 2315 membranaceum,
1000 2269 1210 2317 secedens,
1232 2269 1377 2309 subtus
1399 2269 1598 2321 villosum,
1621 2283 1705 2310 am-

242 2345 333 2385 bitu
376 2345 556 2398 byssino.
616 2346 861 2399 Hymenium
906 2347 1034 2395 laeve,
1080 2346 1284 2400 glabrum,
1329 2347 1601 2388 subcarneum
1643 2348 1705 2389 vel

244 2423 426 2463 lividum.

377 2508 457 2552 Syn.
521 2508 743 2552 Thelephora
772 2509 880 2542 laevis
909 2511 1015 2543 PERS.
1048 2511 1130 2554 Syn.
1163 2511 1271 2553 Fung.
1293 2522 1326 2554 p.
1353 2508 1441 2544 575.
1476 2512 1538 2545 ΕΒ.
1559 2512 1702 2545 Elenoh.

245 2586 356 2629 Fung.
387 2597 421 2629 p.
454 2582 543 2619 206.
604 2584 784 2619 Coracium
816 2588 911 2620 laeve
940 2589 1001 2621 Fa.
1033 2588 1132 2632 Hym.
1165 2600 1235 2622 eur.
1266 2600 1298 2631 p.
1332 2586 1420 2622 649.

377 2656 488 2697 Hab.
548 2658 611 2697 Ad
641 2658 753 2711 ligna
783 2659 950 2710 putrida
981 2673 1055 2699 nec
1086 2674 1167 2700 non
1193 2673 1319 2711 supra
1339 2659 1534 2700 corticem
1555 2659 1596 2698 in
1616 2662 1705 2700 tota

246 2734 401 2777 Fennia
433 2739 472 2776 et
505 2735 719 2790 Lapponia
748 2736 954 2789 freqvens.
