1784 3177
334 196 382 236 02

405 325 518 357 Pileus
554 318 709 354 humidus
746 313 948 359 pellucidus,
987 308 1177 348 striatulus,
1215 307 1325 340 siccus
1354 305 1472 345 laevis,
1505 302 1526 338 3
1559 315 1622 337 cm.
1653 303 1717 337 cir-

279 407 362 439 citer
400 404 496 435 lutus.
561 398 674 440 Stipes
708 398 798 428 teres
841 393 895 426 vel
940 391 1074 424 demum
1119 396 1345 430 compressus,
1385 382 1408 417 4
1448 394 1511 416 cm.
1542 382 1596 415 vel
1627 382 1718 415 ultra

280 484 410 523 longus,
442 474 543 512 3—-6
575 486 652 508 mm.
684 483 827 506 crassus.

409 594 470 632 78.
530 592 607 642 Ag.
639 588 893 629 diatretus
924 582 991 622 Fa.
1024 581 1128 633 Syst.
1161 592 1261 632 lnyc.
1293 578 1323 627 Ι,
1355 591 1394 629 p.
1427 577 1491 616 83.

406 668 614 709 Inoclorus.
688 664 823 704 Pileus
868 660 1155 706 subcarnosus,
1201 670 1222 696 e
1267 668 1448 696 convexo
1478 653 1627 706 planus
1658 652 1721 693 vel

278 750 504 801 depressus,
537 744 671 792 laevis,
703 741 856 794 glaber,
888 752 937 779 ex
966 737 1178 777 incarnato
1210 733 1435 782 alutaceus,
1462 732 1596 773 siccus
1618 729 1721 771 albi-

279 827 364 866 dus.
425 823 558 874 Stipes
597 834 618 860 e
657 819 785 859 farcto
825 830 957 864 cavus,
991 813 1183 867 aeqvalis,
1216 812 1395 861 strictus,
1426 813 1549 859 teres,
1579 809 1720 857 laevis,

277 908 410 950 tenaX,
454 899 604 954 glaber,
650 896 765 950 apice
804 895 947 935 nudus.
1012 891 1219 933 Lamellae
1258 890 1379 931 dente
1421 891 1542 929 acuto
1579 888 1719 928 decur-

278 984 424 1028 rentes,
455 979 672 1024 confertae,
704 973 834 1022 albae,
866 971 1069 1012 interdum
1090 970 1328 1010 incarnatae
1351 967 1413 1008 vel
1434 966 1720 1019 pallescentes.

407 1065 486 1107 Syn.
546 1060 720 1104 Agjaricus
762 1059 931 1091 diatrecns
975 1058 1035 1090 Fa.
1083 1056 1196 1099 Epicr.
1242 1055 1332 1098 Syst.
1366 1064 1452 1097 myc.
1483 1053 1509 1093 I,
1542 1064 1573 1096 p.
1606 1049 1656 1084 78
1687 1054 1723 1084 et

281 1144 379 1186 Hyul.
410 1153 478 1175 eur.
510 1152 540 1183 ι).
576 1138 662 1172 104.

410 1223 514 1264 Hab.
572 1223 619 1261 In
658 1221 806 1274 pinetis
843 1223 882 1260 et
921 1218 1075 1270 campis
1117 1217 1294 1257 Fenniae
1326 1215 1521 1256 australis
1552 1217 1615 1254 sat
1644 1212 1723 1253 fre-

280 1314 415 1353 qvens.
472 1298 680 1339 Mensibus
712 1296 977 1350 Sept.»N0v.

408 1384 589 1426 Gregarius
620 1383 672 1416 vel
703 1382 990 1425 submespitosus,
1021 1380 1129 1412 rarius
1160 1379 1344 1412 solitarius.
1392 1378 1509 1411 Pileus
1532 1374 1636 1410 2—3
1661 1388 1724 1410 cm.

281 1464 379 1496 latus.
436 1461 550 1505 Stipes
581 1458 684 1493 3-5
716 1471 778 1493 cm.
808 1460 940 1502 longus.

411 1578 472 1615 79.
530 1576 608 1627 Ag.
640 1574 865 1628 fragrans
896 1573 995 1613 Sow.
1026 1572 1142 1626 Engl.
1174 1572 1302 1625 Fung.
1334 1575 1362 1612 t.
1398 1574 1460 1613 10.

409 1654 439 1692 F
441 1666 621 1706 ragrans.
680 1652 816 1693 Pileus
843 1651 1129 1702 subcarnosus,
1153 1665 1174 1692 e
1197 1664 1378 1692 convexo
1401 1651 1549 1704 planus
1571 1650 1632 1691 vel
1654 1650 1723 1691 de-

281 1744 454 1782 pressus,
486 1731 640 1783 glaber,
670 1730 806 1780 laevis,
838 1730 1138 1783 hygrophanus,
1168 1730 1368 1778 unicolor,
1401 1743 1452 1771 ex
1482 1742 1634 1781 aqvose
1666 1728 1723 1769 al-

278 1808 374 1848 bido
412 1807 605 1848 albicans.
673 1808 807 1860 Stipes
846 1821 867 1848 e
902 1808 1034 1849 farcto
1065 1822 1200 1858 cavus,
1232 1808 1388 1861 glaber,
1418 1808 1511 1848 basi
1542 1808 1721 1848 villosus.

281 1885 481 1925 Lamellae
512 1884 863 1936 subdecurrentes,
895 1885 1195 1934 subconfertae,
1228 1885 1459 1935 distinctae,
1492 1885 1671 1926 albidae.

410 1966 488 2012 Syn.
545 1967 720 2011 Ayaricus
740 1969 919 2012 fragrravs
950 1971 1010 2003 Fu.
1042 1967 1131 2014 Syst.
1160 1982 1245 2014 myc.
1268 1972 1294 2012 J,
1317 1983 1348 2014 p.
1377 1969 1445 2003 171
1473 1975 1508 2004 et
1528 1971 1630 2015 Hym.
1651 1981 1722 2004 eur.

284 2058 314 2088 1).
350 2043 433 2079 105.
491 2046 598 2079 OOOK.
628 2047 713 2080 Brit.
744 2048 851 2090 Fung.
881 2049 907 2089 I,
938 2060 971 2092 p.
1003 2046 1065 2082 43.

414 2124 542 2157 Exsicc.
600 2124 728 2158 KARs'r.
759 2125 869 2168 Fung.
899 2126 1006 2161 Fenn.
1040 2123 1129 2161 210.

416 2205 517 2245 Hab.
586 2206 633 2246 In
672 2208 912 2260 g1·a1ninosis
956 2210 1166 2258 muscosis,
1213 2209 1321 2251 arvis
1370 2210 1725 2262 freqventissimus

286 2280 427 2321 saltem
457 2283 497 2321 in
527 2283 678 2324 Fennia
708 2286 876 2326 australi
907 2290 947 2327 et
976 2288 1122 2337 media,
1154 2289 1362 2329 mensibus
1393 2288 1653 2341 Aug-Now

414 2365 525 2399 Odorc
554 2372 651 2411 grato
683 2371 797 2404 aniseo
824 2382 902 2405 mox
922 2373 1185 2416 dignoscendus.
1229 2375 1346 2408 Pileus
1369 2371 1515 2416 2‚5-—5
1539 2385 1601 2408 cm.
1623 2374 1724 2407 latus.

288 2442 400 2484 Stipes
429 2445 670 2488 subflexuosus,
701 2451 907 2492 attenuatus,
940 2449 1043 2485 3-ss
1075 2464 1139 2486 cm.
1170 2454 1304 2496 longus.

418 2558 480 2596 80.
541 2560 619 2611 Ag.
651 2562 1027 2614 angustissimus
1057 2565 1194 2606 LAscn.
1225 2567 1267 2606 in
1296 2567 1402 2606 Lm.
1430 2568 1549 2615 1829,
1571 2579 1609 2605 n.
1632 2566 1724 2605 523.

416 2633 623 2676 Inodorus.
680 2638 816 2679 Pileus
860 2640 1148 2692 subcarnosus‚
1193 2657 1214 2684 e
1259 2658 1441 2686 convexo
1486 2644 1634 2696 planus
1664 2642 1727 2683 vel

288 2708 515 2760 depressus,
546 2712 680 2763 laevis,
717 2716 869 2768 glaber,
899 2719 1200 2772 hygrophanus,
1233 2736 1284 2763 ex
1314 2736 1467 2774 aqvose
1498 2720 1639 2762 albido
1669 2720 1728 2761 al-
