1784 3177
1391 173 1462 212 341

196 279 302 321 Hab.
363 280 427 321 Ad
457 281 619 323 radices
651 286 693 323 et
726 289 885 336 partem
916 288 1151 333 inferiorem
1183 295 1409 338 culmorum
1442 303 1521 340 Tri-

62 363 127 401 tici
154 363 324 410 repentis
353 359 394 399 in
428 359 624 402 Mustiala
654 376 794 405 mense
825 365 1008 408 Octobri.

194 445 341 480 Olavula
385 441 571 489 2‚8-3‚8
611 459 691 481 mm.
724 450 838 493 longa,
869 452 978 496 stipes
1008 454 1112 498 duplo
1143 459 1196 491 vel
1227 461 1420 506 qvadruplo
1450 465 1523 497 lon-

59 524 144 567 gior.
205 524 336 568 sporae
374 524 609 568 ellipsoideae,
651 527 774 570 longit.
808 525 912 563 6—9
944 542 1072 574 mmm,
1102 537 1234 570 crassit.
1269 536 1372 573 3-4
1405 553 1518 576 mmm,

193 641 230 681 8.
290 639 334 679 Τ.
366 639 589 681 candida
619 640 687 681 Fu.
720 641 906 697 Monogr.
940 645 1057 700 Hym.
1089 649 1140 698 II,
1171 665 1209 704 p.
1243 654 1334 694 282.

191 718 389 772 Simplex,
437 718 627 760 candida.
704 720 873 763 Clavula
919 724 1107 777 obovata‚
1154 729 1312 772 obtusa.
1385 733 1520 787 Stipes

57 797 290 848 distinctus,
320 797 468 839 brevis.
500 798 658 852 glaber.

189 884 271 928 Syn.
336 883 500 928 Typhula
530 883 693 918 candida
722 886 784 920 Fa.
816 887 919 932 Hym.
950 900 1021 923 eur.
1054 902 1087 935 p.
1118 889 1207 926 685.

187 966 294 1007 Hab.
354 966 401 1006 In
446 966 558 1007 foliis
596 967 770 1009 Betulae
802 969 984 1024 delapsis
1014 972 1055 1012 in
1087 973 1280 1017 Mustiala
1309 982 1516 1021 autumno.

187 1053 365 1095 Gregaria,
410 1053 544 1097 exigua.
605 1055 802 1089 Secundum
846 1056 909 1090 Fa.
955 1061 1084 1093 statum
1128 1061 1202 1104 ejus
1226 1062 1400 1105 juniorem
1429 1065 1517 1099 forto

53 1133 145 1166 sistit
174 1130 376 1165 Piscium-ia
398 1132 536 1176 pusilla
566 1130 708 1175 (PERS.)
738 1134 800 1168 FR.
833 1135 923 1180 Syst.
953 1148 1040 1181 myc.
1073 1139 1100 1180 Ι,
1128 1150 1161 1183 p.
1195 1137 1284 1174 498.

186 1250 223 1290 9.
283 1249 326 1289 Τ.
358 1247 575 1303 gracilis
605 1249 727 1290 Bssmz.
761 1250 870 1291 Outl.
901 1265 941 1305 p.
975 1253 1068 1293 285.

187 1327 358 1369 Clavula
388 1328 565 1381 simplex
595 1328 658 1369 vel
687 1328 863 1379 furcata,
896 1335 1030 1379 acuta,
1061 1331 1232 1385 pallida,
1255 1333 1398 1375 setulis
1421 1334 1516 1376 sub-

52 1407 194 1449 tilibus
224 1407 471 1461 prominulis
502 1407 717 1461 sporisqve
750 1423 986 1463 conspersa.
1033 1410 1171 1465 Stipes
1201 1412 1401 1466 hyalinus‚
1424 1412 1515 1455 bre-

50 1487 254 1536 vissimus,
286 1487 443 1541 glaber.

184 1574 266 1619 Syn.
328 1572 496 1618 Typhula
523 1573 668 1618 macilis
698 1573 810 1608 OOOK.
844 1547 932 1608 Brit.
963 1575 1073 1618 Fung.
1103 1575 1131 1616 Ι,
1161 1586 1194 1620 p.
1227 1573 1316 1610 342.

182 1645 290 1687 Hah.
322 1646 370 1687 In
399 1645 511 1688 foliis
543 1645 727 1687 salicinis
758 1647 935 1699 putridis
965 1646 1005 1687 in
1038 1647 1232 1689 Mustiala
1254 1662 1392 1689 mense
1414 1648 1512 1703 Sep·

47 1725 199 1767 tembri
232 1726 338 1767 1870
367 1729 546 1778 reperta.

179 1811 285 1845 Altit.
318 1809 336 1844 1
369 1822 439 1845 mm
470 1811 528 1845 vix
563 1811 666 1845 ultra.
725 1811 856 1857 Sporae
887 1811 1150 1856 sphaeroideae-
1182 1812 1237 1845 vel
1267 1811 1507 1856 sphaeroideo-

47 1889 283 1935 ellipsoideae,
314 1890 417 1924 diam.
450 1886 586 1924 8—10
615 1901 732 1923 mmm.

460 2005 608 2046 XLIII.
667 2004 1005 2047 PISTILLARIA
1034 2004 1102 2044 Fa.

181 2086 217 2125 1.
275 2084 321 2125 P.
353 2083 546 2125 micans
577 2084 734 2137 (pens.)
765 2083 833 2123 Fa.
867 2083 974 2136 Syst.
1007 2096 1107 2136 myc.
1140 2082 1170 2130 Ι,
1191 2096 1228 2135 p.
1262 2083 1353 2122 497.

182 2162 353 2204 Clavula
384 2162 628 2213 obovoidea‚
661 2162 823 2212 obtusa,
855 2175 988 2210 rosea,
1020 2162 1188 2202 micans.
1249 2160 1384 2213 Stipes
1413 2160 1505 2202 bre-

44 2241 234 2283 vissimus
264 2242 327 2284 vel
357 2241 507 2292 brevis,
539 2242 738 2283 albicans.

176 2329 259 2374 Syn.
322 2326 499 2363 Οῑαυανία
526 2329 663 2362 micans
698 2328 803 2362 Pans.
835 2328 917 2371 Syn.
949 2326 1059 2369 Fung.
1091 2336 1125 2370 p.
1160 2323 1248 2359 604.
1306 2323 1503 2359 Piscinaria

42 2408 179 2442 micans
209 2408 270 2442 Fa.
300 2409 417 2452 Epicr.
451 2405 542 2453 Syst.
574 2420 608 2453 p.
644 2405 720 2441 587
752 2411 788 2440 et
817 2407 918 2449 Hym.
949 2415 1020 2438 eur.
1052 2416 1085 2448 p.
1119 2401 1208 2438 686.

171 2486 307 2520 Exsicc.
366 2487 502 2521 KARs'r.
534 2488 644 2530 Fung.
675 2486 783 2519 Fenn.
817 2479 908 2517 443.

174 2568 282 2609 Hab.
343 2569 406 2609 Ad
437 2569 576 2610 caules
608 2567 838 2609 exsiccatos
867 2568 1094 2606 Artemisiae
1124 2568 1294 2614 vulqaris
1323 2566 1364 2604 et
1388 2566 1501 2603 Ce'rcii

43 2650 226 2695 arvensz‘S,
272 2646 483 2688 mensibus
527 2646 649 2688 Junio
695 2649 735 2685 et
767 2644 889 2692 Julio,
921 2643 962 2683 in
994 2642 1220 2683 sacellania
1250 2640 1498 2682 Merinnasku

42 2727 83 2765 et
112 2725 308 2777 paroecia
337 2725 549 2766 Tammela
578 2723 697 2765 nobis
727 2722 888 2763 obviam
918 2720 1096 2762 veniens.
