1784 3177
309 200 387 240 136

387 325 493 365 Hab.
553 325 702 365 Incolit
731 327 888 364 aestate
919 328 960 364 et
990 327 1185 364 autumno
1214 327 1382 364 truncos
1413 326 1453 364 et
1482 324 1593 377 ligna
1619 326 1711 376 put-
1764 312 1766 314 ¹

253 403 470 452 rescentia,
501 403 653 444 mollia.
714 404 759 443 Ι11
789 403 946 443 Fennia
976 406 1016 443 et
1042 402 1257 455 Lapponia
1285 403 1488 455 freqvens.

386 538 483 577 Var.
515 538 682 578 cerina
710 542 895 587 (Trichia
925 542 1060 577 cerina
1090 538 1203 577 Duru.
1239 537 1281 576 in
1318 538 1460 576 S'runm.
1498 535 1710 576 Deutsohl.
1770 544 1771 548 ’

254 616 363 656 Flor.
386 616 459 666 ΙΙΙ,
480 619 509 656 t.
532 618 616 668 25).
657 617 890 670 sporangiis
912 616 1216 669 pyriformibus‚
1238 616 1359 669 vulgo
1381 615 1712 663 olivaceo-flavis,

255 697 361 735 4-5
394 710 487 734 mm.
520 696 615 736 altis
644 695 686 735 in
717 695 873 736 Fennia
902 695 1083 735 nondum
1113 699 1176 735 est
1205 695 1326 735 leeta.

390 843 427 881 2.
486 841 556 880 Tr.
603 840 805 894 fragilis
851 840 993 893 (sow.)
1033 841 1199 880 izosm.
1240 830 1434 881 sluzowc.
1475 854 1513 892 p.
1554 842 1646 888 246,
1685 839 1713 879 f.

256 921 350 968 203,
382 921 476 968 204,
508 921 601 967 225,
634 921 726 959 226.

389 997 621 1050 Sporangia
651 997 852 1049 stipitum,
884 997 1070 1037 solitaria
1101 997 1163 1037 vol
1183 997 1439 1043 fasoiculata,
1462 996 1716 1049 pyrisormieu

258 1077 393 1117 rarius
414 1077 638 1126 turbinata,
661 1076 837 1117 obscure
858 1077 950 1116 rufa
972 1077 1035 1116 vel
1052 1075 1421 1124 atrorubeseentia,
1445 1076 1578 1115 rarius
1600 1075 1716 1115 fusca

257 1155 321 1195 vel
337 1154 453 1201 flava,
474 1168 620 1206 opaea,
639 1155 850 1207 stipitibus
867 1155 1124 1207 simplicibus
1146 1155 1208 1195 vel
1230 1154 1431 1201 connatis,
1454 1153 1717 1193 subracemo-

259 1233 329 1281 sis,
369 1233 546 1285 plicatis,
586 1233 742 1287 rigidis,
784 1233 933 1273 erectis
964 1233 1027 1272 vel
1058 1233 1220 1273 cernuis
1266 1235 1306 1272 et
1345 1231 1578 1284 prostratis,
1623 1244 1718 1271 con-

258 1311 482 1352 eoloribus.
529 1311 686 1364 Sporae
717 1315 758 1351 et
785 1311 961 1350 elateros
990 1324 1011 1350 e
1040 1310 1138 1351 tubo
1161 1310 1313 1362 stipitis
1336 1309 1574 1349 membrana
1595 1322 1718 1361 prop-

257 1391 321 1431 ria
361 1390 590 1443 disjunctae
629 1403 814 1439 croceae,
855 1390 1179 1438 ciiinamomeae,
1219 1387 1618 1441 ferrugineo-flavae,
1656 1386 1719 1427 vel

259 1468 573 1511 ochreo-flavae.
620 1469 808 1509 Elatores
840 1468 1087 1517 fusiformes,
1119 1468 1171 1508 acl
1202 1468 1380 1508 medium
1403 1469 1718 1506 411111111101113-

259 1562 343 1598 sae,
387 1548 576 1600 utrinqve
621 1547 688 1587 vix
731 1547 793 1587 vel
832 1547 976 1587 leviter
1014 1549 1268 1594 attenuatae,
1307 1545 1483 1597 apiculis
1522 1543 1719 1592 brevibus,

260 1628 462 1668 diametro
493 1627 692 1667 elaterum
715 1626 841 1678 duplo
863 1625 1132 1678 longioribus.
1183 1624 1404 1665 Taeniolae
1427 1623 1601 1675 spirales
1622 1627 1720 1673 tres,

257 1706 551 1760 prominentes.
612 1706 770 1757 Sporae
801 1704 1009 1757 episporio
1040 1703 1171 1753 firmo,
1202 1717 1435 1752 verrucoso,
1468 1702 1589 1742 diam.
1618 1703 1715 1741 11-

262 1787 311 1826 13
342 1800 478 1825 mmm.

393 1882 418 1906 α
447 1869 632 1914 qemeina.
669 1888 713 1893 —
749 1863 981 1916 Sporangia
1011 1861 1265 1915 pyriformia,
1297 1860 1423 1901 rubra
1454 1859 1515 1900 vel
1545 1858 1720 1899 obscure

256 1943 387 1994 fusca,
419 1942 595 1983 subinde
625 1946 728 1991 atra,
761 1956 905 1995 opaca.
967 1942 1124 1994 Sporae
1151 1945 1191 1981 et
1213 1941 1390 1981 elateres
1411 1939 1720 1980 cinnamomeae

259 2022 323 2062 vel
368 2021 708 2075 subferrugiueae
752 2020 816 2061 vel
853 2021 1112 2060 fuscoscente
1151 2020 1390 2060 ochraoeae.
1451 2018 1589 2070 Stipes
1625 2016 1720 2069 rigi-

261 2102 349 2151 dus,
381 2104 531 2141 rectus.

412 2180 442 2220 I.
488 2183 673 2230 simplem.
733 2179 872 2231 Stipes
902 2177 1089 2230 simplex.

394 2258 445 2298 II.
492 2262 678 2307 lssotrytis.
740 2257 913 2310 Stipites
944 2256 1123 2306 connati,
1154 2254 1400 2296 fasciculati.

393 2341 431 2391 β.
480 2340 768 2377 [oreiam—mna.
829 2335 1062 2388 Sporangia
1083 2334 1336 2387 pyrisormia,
1370 2333 1497 2373 dilute
1526 2332 1630 2381 rufa,
1662 2330 1721 2370 ni-

259 2415 404 2456 tidula.
464 2417 620 2467 Sporae
660 2419 701 2455 et
739 2415 915 2456 elateres
946 2414 1173 2454 oehraceae
1214 2412 1350 2464 Stipes
1390 2411 1511 2462 vulgo
1555 2424 1637 2451 non
1666 2409 1720 2449 ri-

261 2494 393 2548 gidus,
425 2497 619 2534 arcuatus
651 2494 712 2534 vel
743 2496 989 2546 prostratus.

411 2573 443 2612 1.
488 2575 671 2622 Simplex
732 2572 869 2625 Stipes
901 2571 1087 2623 simplex.

392 2651 444 2691 II.
490 2655 676 2701 Bon-yzit:
736 2650 906 2703 Stipites
938 2650 1116 2698 connati,
1148 2648 1392 2688 fasciculati.

391 2750 417 2787 7²
460 2735 644 2772 serotina.
705 2730 935 2782 Sporzmgia
980 2728 1141 2768 elavata
1185 2727 1248 2768 vel
1291 2724 1543 2780 pyriformia,
1590 2723 1717 2764 dilute
