1784 3177
1457 189 1479 226 7

404 321 584 374 Subgen.
617 318 749 359 XXII.
810 316 1093 358 NAUCORIA
1126 315 1193 355 Fa.

196 403 335 455 Stipes
377 399 686 452 cartilagineus.
757 396 896 436 Pileus
933 395 1083 443 tenuis,
1125 394 1309 447 margine
1345 393 1537 445 primitus

64 483 227 524 inflexo.
295 478 506 520 Lamellae
547 476 658 517 haud
699 476 979 516 decurrentes.
1018 498 1061 503 —
1096 473 1331 514 Terrestres
1372 472 1434 512 vel
1465 472 1539 524 lig-

65 562 238 611 nicolae,
269 557 539 606 subradicati‚
572 556 638 597 vix
669 554 781 596 olidi.
843 552 1043 606 Collybiis
1072 555 1113 592 et
1133 551 1347 604 Leptoniis
1370 563 1541 602 respon-

67 641 223 682 dentes.

427 736 606 789 Subgen.
639 733 796 774 XXIII.
858 731 1078 772 GALERA
1109 730 1180 770 Fa.

200 818 339 871 Stipes
384 813 774 867 subcartilagineuS,
821 825 914 851 cum
958 808 1270 863 hymenophoro
1309 807 1540 860 contiguus.

65 898 204 938 Pileus
250 910 271 937 e
317 895 462 936 conico
508 893 571 935 vel
616 892 723 933 ovali
761 902 982 943 expansus,
1023 887 1209 941 margine
1248 890 1376 935 recto,
1409 886 1543 939 primo

67 977 197 1030 stipiti
243 976 455 1028 adpresso.
523 971 734 1013 Lamellae
778 970 891 1010 haud
937 969 1217 1009 decurrentes.
1258 990 1305 995 —
1340 964 1543 1012 Graciles,

66 1056 250 1110 fragiles,
283 1053 467 1108 Mycenis
499 1055 541 1093 et
571 1050 767 1091 Nolaneis
797 1048 1111 1101 respondentes.

98 1156 278 1210 Subgen.
311 1154 459 1194 XXIV.
520 1151 759 1192 TUBARIA
792 1149 860 1189 W.
894 1149 960 1189 SM.
984 1148 1026 1187 in
1058 1147 1190 1188 Seem.
1212 1144 1399 1186 Journal.
1425 1145 1544 1184 1870.

202 1234 338 1287 Stipes
389 1229 779 1284 subcartilagineus,
834 1226 1059 1268 fistulosus.
1134 1223 1346 1265 Lamellae
1396 1221 1546 1263 subde-

69 1318 294 1357 currentes.
331 1337 372 1342 —-
411 1310 644 1364 Omphaliis
676 1312 718 1349 et
747 1306 917 1348 Ecciliis
948 1304 1264 1358 respondentes.

381 1414 560 1467 Subgen.
593 1411 722 1452 XXV.
784 1406 1133 1450 CREPIDOTUS
1165 1405 1235 1446 FB.

205 1496 344 1549 Stipes
376 1491 638 1534 excentricus
668 1489 732 1531 vel
761 1489 914 1529 nullus.

204 1575 312 1615 Sect.
354 1573 424 1614 IV.
492 1570 678 1612 Pratelli.
749 1547 913 1621 Sporae*
950 1565 1128 1607 atro—vel
1158 1564 1547 1616 fusco-purpureae,

71 1670 166 1697 raro
195 1655 350 1696 fuscae.

378 1755 557 1809 Subgen.
590 1752 740 1794 XXVI.
801 1747 1142 1791 PSALLIOTHA
1174 1746 1243 1785 Fu.

208 1837 346 1890 Stipes
379 1834 614 1882 annulatus,
647 1846 672 1872 a
701 1829 1014 1884 hymenophoro
1047 1826 1265 1867 discretus.
1289 1847 1338 1852 ——
1366 1819 1552 1873 Lepiotis

73 1915 388 1970 respondentes.

364 2015 543 2068 Subgen.
577 2011 749 2052 XXVII.
812 2006 1161 2050 STROPHARIA
1192 2005 1262 2045 Fn.

212 2095 349 2148 Stipes
390 2093 624 2140 annulatus,
665 2104 758 2131 cum
788 2086 1099 2142 hymenophoro
1131 2082 1363 2136 contiguus.
1395 2105 1448 2110 —-
1481 2081 1555 2119 Ar-

79 2175 268 2217 millariis
300 2176 341 2215 et
370 2171 602 2215 Pholiothis
632 2167 948 2222 respondentes.

361 2273 541 2327 Subgen.
574 2268 765 2311 XXVIII.
826 2264 1174 2308 HYPHOLOMA
1204 2264 1273 2304 Fa.

214 2355 363 2396 Velum
403 2354 445 2393 in
483 2352 610 2393 telam
641 2348 818 2402 margini
848 2346 948 2399 pilei
976 2345 1272 2386 adhaerentem
1304 2344 1556 2384 contextum.

83 2462 136 2466 —
167 2435 339 2475 Plurimi
371 2431 610 2485 caespitosi,
640 2427 877 2482 lignicolae.

409 2534 588 2588 Subgen.
621 2531 768 2572 XXIX.
828 2525 1134 2569 PSILOCYBE
1164 2526 1235 2566 FP..

218 2616 366 2657 Velum
398 2614 630 2656 obsoletum
660 2610 725 2652 vel
754 2608 925 2649 nullum.
992 2606 1130 2659 Stipes
1170 2600 1560 2653 subcartilagineus‚

84 2699 223 2736 tenax.
281 2694 421 2736 Pileus
458 2704 671 2736 carnosus,
712 2687 898 2741 margine
937 2684 1072 2739 primo
1110 2684 1292 2725 incurvo.
1352 2677 1562 2721 Lamellae

85 2775 367 2816 fuscescentes
398 2772 462 2816 vel
491 2771 858 2825 purpurascentes.
