1784 3177
1390 206 1467 244 5357

66 320 218 364 Oyathus
261 322 333 355 olla
377 323 481 357 Pans.
513 325 595 369 Syn.
628 327 739 369 Fung.
772 340 804 371 p.
841 326 929 362 237.
993 331 1112 375 (Zvath.
1146 337 1344 370 vernicosvs
1374 339 1458 371 Tm„
1494 341 1524 371 in

63 399 156 434 Ann.
188 396 243 435 Sc.
276 404 346 435 nat.
383 399 498 444 1844,
529 404 557 445 I,
589 416 623 449 p.
659 402 720 448 81,
753 409 777 439 t.
810 408 851 448 V,
882 408 905 442 s.
943 408 1113 446 14—-23,
1161 414 1272 449 Coox.
1305 417 1393 451 Brit.
1415 418 1526 462 Fung.

62 479 90 522 Ι,
121 491 155 524 p.
189 478 282 514 410.
342 479 543 515 Nidularia
572 484 757 518 veo-nicosa
787 486 899 520 BULL.
932 487 1023 523 Hist.
1055 490 1196 536 Champ
1223 494 1346 528 Franc,
1380 507 1412 540 p.
1442 493 1528 536 164,

63 561 88 591 t.
122 556 213 601 488,
244 559 266 592 f.
296 558 327 593 1.

194 638 329 672 Exsicc.
387 638 523 673 KAnsr.
555 640 665 685 Fung.
697 642 806 677 Fenn.
840 640 930 678 989.

196 708 304 752 Hab.
365 710 428 751 Ad
459 715 649 753 ramenta
677 711 816 767 lignea
859 715 901 755 in
931 716 1061 758 hortis
1093 722 1134 758 et
1163 720 1269 760 arvis
1301 724 1459 764 aestate
1490 727 1531 764 et

63 792 260 831 autumno
305 789 557 832 rarissimus.
619 791 819 847 Cognitus
866 807 887 835 e
931 795 1092 849 Nyland
1132 797 1426 854 (Helsingforsz
1460 803 1527 842 W.

61 868 289 923 Nylander)
320 873 361 911 et
391 883 413 910 e
443 870 694 913 Tavastland
724 871 960 926 (Mustiala:
991 875 1112 929 ipse).

500 973 546 1013 V.
609 974 964 1017 CRUCIBULUM
996 977 1088 1018 Tot.

200 1065 234 1103 1.
295 1062 364 1104 Cr.
397 1063 603 1118 vulgare
635 1064 728 1105 Τυι.
760 1065 801 1105 in
834 1067 937 1107 Ann.
971 1067 1038 1109 Sc.
1069 1072 1152 1109 nat.
1189 1071 1307 1120 1844,
1335 1071 1366 1121 l,
1398 1085 1436 1125 p.
1464 1074 1528 1112 90.

193 1141 404 1184 Peridium
436 1143 1034 1198 campanulato-cylindricmn,
1066 1146 1254 1201 utrinqve
1283 1152 1530 1200 truncatum,

61 1234 112 1262 ex
156 1221 362 1262 ochraceo
405 1221 700 1276 ferrugineum,
739 1223 882 1277 junius
925 1228 1216 1276 tomentosum‚
1246 1227 1412 1269 tandem
1445 1228 1530 1282 gla-

58 1299 193 1351 brum,
225 1300 562 1351 crassimeulum,
592 1301 681 1343 fere
708 1301 835 1352 laeve,
856 1302 968 1344 intus
990 1304 1156 1345 omnino
1177 1304 1305 1355 laeve,
1327 1305 1529 1360 glabrum,

59 1379 209 1429 nitens,
241 1379 625 1434 luteo-pallescens.
659 1381 895 1437 Sporangia
924 1381 1079 1433 albida,
1109 1383 1271 1425 demum
1302 1384 1531 1438 pallescen-

57 1459 117 1500 tia
148 1459 212 1501 vel
242 1460 587 1514 comeo-pallida,
621 1460 885 1502 orbicularia.

191 1546 274 1590 Syn.
336 1543 487 1590 ίῖυαίῆτιε
517 1546 729 1580 crucibulum
758 1547 904 1581 HOPFM.
937 1547 1026 1592 ch.
1059 1552 1169 1592 crypt.
1199 1549 1245 1591 ΙΙ,
1276 1561 1309 1594 p.
1343 1546 1403 1592 29,
1436 1554 1461 1583 t.
1495 1547 1528 1591 8,

57 1626 79 1660 s.
116 1625 147 1659 1.
208 1627 313 1661 Pms.
351 1627 432 1671 Syn.
477 1627 588 1670 Fung.
619 1638 654 1671 p.
689 1623 779 1660 238.
839 1627 901 1662 Fa.
933 1623 1063 1661 Summ.
1093 1628 1182 1672 ch.
1215 1624 1341 1663 Scand.
1374 1639 1406 1673 p.
1439 1625 1528 1662 438.

57 1703 258 1739 NJdularia
288 1704 593 1739 crucibulum'FR.
625 1705 716 1750 Syst.
748 1717 835 1750 myc.
867 1706 914 1747 ΙΙ,
946 1718 980 1751 ρ.
1012 1703 1102 1740 299.

190 1785 326 1820 Exsicc.
384 1786 519 1819 KARST.
549 1785 661 1829 Fung.
695 1785 804 1819 Fenu.
837 1782 929 1819 934.

190 1857 298 1900 Hah.
358 1858 423 1898 Ad
450 1857 564 1912 ligna
595 1861 757 1899 vetusta
786 1871 861 1912 per
890 1857 1089 1899 Fenniam
1121 1860 1162 1898 et
1186 1857 1446 1911 Lapponiam
1467 1861 1528 1899 to-

55 1942 141 1980 tam
185 1937 531 1992 freqventissime,
570 1941 730 1979 aestate
761 1940 802 1978 et
831 1940 1042 1986 autumno,
1073 1936 1330 1990 proveniens.
1392 1935 1525 1977 Etiam

57 2033 78 2060 e
108 2018 256 2061 insulis
287 2018 687 2073 Spetsbergensibus
719 2017 921 2072 cognitus.

446 2120 518 2162 VI.
576 2119 878 2161 NIDULARIA
909 2119 979 2159 FB.
1038 2118 1129 2159 TUL-

192 2214 226 2252 1.
286 2211 334 2252 N.
367 2210 633 2252 confluens
665 2209 734 2250 Fa.
776 2209 882 2263 Syst.
914 2221 1016 2263 myc.
1048 2207 1100 2257 II,
1131 2221 1170 2261 p.
1203 2208 1297 2248 301.

188 2290 398 2333 Peridium
445 2289 858 2344 subsphaeroidem,
905 2287 1191 2341 irregulariter
1228 2298 1437 2339 rumpens,
1467 2289 1527 2327 te-

56 2384 148 2425 nue,
180 2370 386 2420 villosum,
426 2370 567 2412 album
613 2369 676 2411 vel
723 2368 891 2411 sordide
936 2366 1133 2409 albidum.
1195 2365 1427 2420 Sporangia
1458 2379 1525 2407 co-

54 2451 187 2504 piosa,
210 2450 372 2505 glabra,
395 2450 643 2499 orbiculata,
668 2461 922 2502 compressa,
945 2445 1188 2500 majuscula,
1210 2458 1261 2486 ex
1282 2444 1378 2486 albo
1400 2444 1524 2486 brun-

53 2542 146 2579 nea,
179 2529 292 2571 sicca
313 2543 409 2570 mox
435 2532 671 2583 corrugata.
711 2526 882 2569 Basidia
902 2528 1153 2576 teti-aspora.
1195 2524 1353 2577 Sporae
1375 2524 1522 2576 sphae-

55 2608 510 2662 roideo-ellipsoideae,
556 2606 761 2662 hyalinae,
807 2605 951 2659 longit.
998 2605 1135 2646 8—-10
1176 2617 1327 2653 mmm„
1360 2601 1519 2643 crassit.

55 2688 222 2731 circiter
252 2690 276 2730 6
298 2702 435 2730 mmm.

186 2775 321 2810 Exsicc.
379 2775 514 2808 KAusT.
545 2774 656 2817 Fung.
685 2773 794 2806 Fenn.
827 2769 918 2805 935.
