1784 3177
308 166 388 206 298

382 299 517 332 Exsiec.
576 298 711 333 KAnsr.
742 299 853 343 Fung.
885 301 993 334 Fenu.
1025 299 1118 335 713.

383 378 490 420 Hab.
549 379 614 420 Ad
655 382 825 422 truncos
868 394 1085 435 ramosqve
1129 385 1302 434 Betulae,
1347 385 1501 433 Abietis,
1546 385 1642 424 Alm'
1671 387 1713 440 et

251 458 368 496 Sorbi
395 457 437 497 in
466 457 623 498 Fennia
650 459 821 510 passim,
851 462 896 500 ut
926 459 1037 500 eirca
1067 459 1276 510 Mustiala,
1296 460 1623 514 freqventissime
1640 462 1710 503 ob-

251 534 350 575 vius.
408 535 586 576 Boream
617 549 758 577 versus
793 536 940 577 saltem
969 550 1098 590 usqve
1129 537 1181 578 ad
1210 537 1338 579 Wasa
1367 539 1567 591 procedit.
1617 541 1710 580 Aut.

382 621 591 664 Hymenium
635 623 779 664 varium,
823 623 999 656 interdum
1042 623 1377 667 gyroso-dentatum,
1421 625 1457 657 in
1500 625 1710 668 resupinatis

249 699 390 733 omnino
420 699 629 734 subulatum.
691 700 732 734 In
763 712 825 734 ver
854 702 1067 734 immutatus.

381 816 419 855 3.
478 813 573 867 Irp.
606 815 846 857 sinuosus
875 815 944 856 FR.
974 815 1144 857 Elench.
1175 815 1303 870 Fung.
1335 815 1365 865 l,
1396 829 1436 869 p.
1471 817 1561 857 145.

380 892 520 934 Pileus
550 893 715 944 effusus,
751 894 932 935 breviter
960 894 1152 944 reflexus,
1183 895 1330 945 tenuis,
1362 894 1511 944 mollis,
1543 909 1708 945 azonus,

247 971 386 1022 laevis,
436 972 567 1014 albus.
640 972 797 1014 Dentes
846 972 1045 1023 subulati,
1092 973 1352 1024 concolores,
1400 973 1493 1015 basi
1542 974 1710 1016 sinuosa

249 1052 436 1093 connexi.

376 1138 457 1181 Syn.
516 1136 623 1181 Irpeoe
665 1139 829 1170 sinuosus
873 1138 933 1170 Fa.
978 1138 1094 1181 Epicr.
1139 1138 1229 1182 Syst.
1269 1150 1302 1182 p.
1335 1134 1412 1170 522
1443 1140 1480 1171 et
1505 1138 1607 1182 Hym.
1637 1148 1709 1171 eur.

249 1228 281 1260 p.
316 1212 404 1248 621.

380 1297 486 1338 Hah.
545 1297 609 1337 Ad
638 1310 777 1338 ramos
812 1301 989 1347 Qvercch,
1018 1301 1183 1337 Betulae
1212 1300 1254 1337 et
1284 1301 1371 1337 Alm'
1399 1296 1441 1336 in
1463 1297 1618 1338 Fennia
1639 1311 1709 1338 au-

249 1377 366 1418 strali
396 1376 541 1417 rarior.

380 1463 491 1496 Priori
536 1463 667 1503 similis,
713 1463 772 1495 sed
817 1463 930 1503 latior,
977 1463 1126 1501 tenuior,
1172 1462 1318 1502 mollior,
1358 1462 1472 1494 minus
1507 1462 1707 1505 persistens,

246 1542 357 1574 hieme
391 1545 607 1584 putrescens.

381 1701 488 1741 Sect.
518 1701 571 1740 11.
629 1700 885 1753 Resupinati.

380 1794 417 1831 4.
477 1791 573 1843 Irp.
606 1790 896 1843 paradoxus
927 1788 1128 1841 (Sammo.)
1158 1788 1228 1827 Fa.
1257 1787 1395 1839 Epicr.
1425 1786 1530 1839 Syst.
1552 1801 1592 1840 p.
1615 1788 1708 1828 522.

379 1869 733 1917 Effuso-adnatus‚
764 1868 898 1921 primo
930 1866 1190 1915 orbicularis,
1212 1879 1308 1906 mox
1329 1865 1553 1914 confluens,
1575 1865 1708 1915 albus,

248 1948 405 1989 ambitu
449 1951 695 1996 tomentoso,
742 1947 873 1988 niveo.
932 1945 1177 2000 Hymenium
1222 1944 1622 1997 sinuoso-plicatum,
1666 1946 1708 1985 in

249 2027 393 2068 dentes
433 2027 703 2079 divergentes,
744 2024 1093 2079 digitato-incisos
1132 2026 1173 2064 et
1200 2023 1431 2064 fimbriatos
1459 2027 1708 2075 porrectum.

381 2114 460 2156 Syn.
520 2111 691 2156 Hydnum
724 2111 957 2155 paradooeam
993 2111 1146 2144 SCHRAD.
1178 2110 1271 2153 Spic.
1304 2121 1337 2152 p.
1375 2106 1461 2149 179,
1492 2112 1516 2142 t.
1549 2107 1583 2150 4,
1614 2110 1635 2141 f.
1673 2108 1704 2142 1.

248 2193 312 2225 FB.
343 2193 433 2235 Syst.
463 2193 490 2231 Ι,
523 2203 556 2235 p.
589 2188 680 2224 424.
713 2191 917 2223 Sistotrema
947 2189 1133 2231 cliyitawm
1163 2189 1265 2221 PERs.
1302 2188 1384 2231 Syn.
1411 2187 1520 2230 Fung.
1551 2198 1583 2230 p.
1617 2184 1706 2221 553.

248 2269 356 2313 Irpeoe
381 2269 597 2313 paradoxas
627 2271 687 2303 FR.
718 2270 820 2313 Hym.
861 2280 932 2301 eur.
962 2279 995 2310 p.
1029 2264 1118 2300 621.

379 2351 484 2391 Hah.
545 2351 607 2391 Ad
638 2351 815 2391 cortices
845 2354 1008 2390 Betulae
1036 2349 1077 2388 in
1110 2347 1265 2388 Fennia
1294 2346 1466 2388 australi
1497 2347 1642 2387 rarior.

382 2486 417 2525 5.
479 2484 575 2536 Irp.
623 2484 860 2536 obliquus
905 2483 1105 2536 (Summo.)
1134 2482 1204 2521 Fa.
1235 2480 1371 2533 Epicr.
1404 2479 1508 2533 Syst.
1540 2493 1579 2532 p.
1611 2480 1703 2520 523.

381 2562 559 2611 Effusas,
606 2562 1004 2610 crustoso-adnatus,
1050 2558 1394 2612 albopallescens,
1425 2556 1583 2598 ambitu
1611 2556 1706 2610 bys-

250 2640 352 2681 sino.
412 2640 565 2680 Dentes
610 2653 630 2680 e
661 2639 753 2680 basi
791 2640 934 2681 favosa
962 2638 1155 2692 porrecti,
1188 2636 1425 2689 compressi,
1455 2633 1704 2687 inaeqmles,

248 2718 382 2767 incisi,
414 2717 580 2770 obliqvi.
