1784 3177
1445 212 1468 252 5

53 336 262 378 Lamellae
300 337 409 378 baud
447 337 726 385 decurrentes,
767 339 929 378 tantum
968 337 1178 379 denticulo
1208 338 1443 379 uncinatae.
1477 363 1527 369 —

52 415 251 470 Epiphyti
281 415 345 457 vel
370 415 559 465 radicati,
583 416 773 470 graciles,
797 415 1173 469 subcampanulati,
1197 417 1263 459 vix
1282 417 1525 458 umbilicati.

404 515 584 570 Subgen.
618 516 730 556 VIII.
791 516 1079 557 OMPHALIA
1111 517 1179 558 Fa.

186 595 323 648 Stipes
362 595 670 649 cartilagineus.
738 595 878 636 Pileus
921 595 1280 647 subumbilicatus,
1322 596 1528 639 submem-

50 675 294 716 branaceus.
368 674 579 716 Lamellae
624 688 719 716 vere
763 674 1044 717 decurrentes.
1094 700 1142 705 —
1189 675 1323 730 Fungi
1368 676 1527 726 minuti,

50 756 270 795 terrestres
301 753 364 794 vel
393 753 580 807 ligni-vel
607 753 873 795 muscicolae.

184 833 227 873 C.
288 832 427 886 Stipes
458 833 720 875 excentricus
750 833 813 875 vel
843 832 995 874 nullus.

403 933 584 989 Subgen.
617 934 687 975 IX.
748 934 1071 976 PLEUROTUS
1103 935 1172 976 Fa.

184 1013 322 1066 Stipes
367 1014 642 1064 excentricus,
688 1013 875 1054 lateralis
920 1013 984 1055 vel
1028 1013 1181 1055 nullus.
1227 1038 1278 1044 —-
1315 1013 1526 1068 Epiphyti,

49 1091 261 1133 rarissime
292 1095 525 1142 terrestres,
557 1092 821 1145 irregulares,
854 1092 1020 1134 carnosi
1051 1093 1114 1134 vel
1144 1092 1465 1134 membranacei.

183 1182 290 1224 Sect.
323 1182 376 1223 II.
437 1183 710 1236 Hyporhodii.
778 1183 939 1236 Sporae
971 1197 1119 1225 roseae
1150 1183 1213 1225 vel
1244 1183 1525 1238 rubiginosae,

50 1261 350 1315 sphaeroideae
372 1261 436 1302 vel
458 1261 723 1315 oblongatae,
745 1261 884 1303 laeves
907 1264 979 1302 aut
994 1262 1261 1317 irregulares,
1284 1261 1526 1316 angulosae.

181 1353 229 1391 Α.
290 1352 657 1406 Hymenophorum
698 1367 722 1393 a
762 1352 904 1406 stipite
945 1352 1120 1394 centrali
1151 1352 1389 1394 discretum.
1448 1352 1527 1392 La-

48 1431 197 1472 mellae
228 1431 394 1473 omnino
426 1430 598 1472 liberae.

434 1532 615 1586 Subgen.
648 1533 697 1573 X.
756 1532 1041 1574 VOLVARIA
1071 1533 1142 1574 Fa.

180 1611 329 1652 Velum
366 1612 601 1653 universale
636 1612 826 1661 liberum,
865 1612 1106 1666 persistens,
1147 1611 1524 1661 membranaceum,

47 1691 99 1733 ab
132 1691 387 1744 epidermide
417 1691 517 1745 pilei
549 1692 772 1734 discretum
804 1691 971 1744 (volva).
1038 1691 1249 1733 Lamellae
1280 1691 1525 1732 rotundato-

47 1770 216 1821 liberae,
249 1770 521 1813 ventricosae.

438 1872 618 1927 Subgen.
650 1872 722 1912 XI.
783 1871 1029 1913 PLUTEUS
1060 1872 1130 1912 Fa.

180 1952 328 1993 Velum
358 1951 530 1993 nullum.
590 1951 731 1993 Pileus
763 1951 948 2006 margine
978 1954 1107 1992 recto.

179 2030 225 2071 B.
286 2030 654 2084 Hymenophorum
699 2044 791 2071 cum
843 2029 984 2083 stipite
1037 2028 1211 2071 centrali
1267 2028 1520 2083 contiguum.

47 2108 258 2150 Lamellae
290 2109 489 2150 adnexae.

399 2209 579 2264 Subgen.
612 2210 703 2251 XII.
765 2209 1065 2251 ENTOLOMA
1094 2209 1166 2250 Fa.

181 2288 319 2342 Stipes
350 2302 550 2330 carnosus
581 2289 645 2330 vel
682 2287 876 2331 fibrosus.
937 2289 1082 2343 Margo
1113 2287 1214 2342 pilei
1243 2287 1378 2341 primo
1409 2288 1522 2329 invo-

46 2367 170 2408 lutus.
237 2368 448 2410 Lamellae
480 2369 682 2410 sinuatae.
716 2393 766 2398 —
798 2367 1175 2410 Tricholomatibus
1205 2367 1520 2422 respondentes,

49 2447 121 2489 sed
149 2447 311 2489 cautius
342 2448 394 2490 ab
427 2447 775 2490 Hebelomatibus
806 2447 1044 2501 separandi.

379 2549 561 2604 Subgen.
595 2549 709 2590 XIII.
770 2548 1090 2590 CLITOPILUS
1119 2548 1188 2589 Fu.

181 2628 319 2681 Stipes
350 2631 391 2669 et
420 2628 556 2681 pileus
587 2628 751 2681 prioris.
811 2627 1022 2669 Lamellae
1054 2627 1324 2669 decurrentes
1350 2652 1403 2657 —
1424 2627 1521 2668 Ter-

49 2709 215 2756 restres,
248 2707 359 2760 pileo
395 2707 490 2760 plus
526 2707 661 2748 minus
703 2707 902 2760 depresso
941 2706 1005 2749 vel
1035 2705 1291 2756 umbilicato,
1323 2705 1520 2747 umbilico

50 2784 234 2826 similari.
266 2810 314 2817 -
346 2786 616 2840 Respondent
647 2785 884 2840 Clitocybis.
