1784 3177
355 175 431 216 106

293 313 375 341 cus.
434 298 571 351 Stipes
616 307 749 344 cavus,
793 293 941 343 brevis,
989 290 1228 344 inaeqvalis,
1267 288 1472 331 concolor.
1532 288 1742 331 Lamellae

294 379 412 431 longe
444 376 716 422 decurrentes,
748 372 814 413 vix
838 372 1060 420 confertae,
1090 373 1247 419 tenues,
1280 368 1454 409 obscure
1485 367 1685 408 cinereae.

420 462 500 505 Syn.
558 457 734 502 Ayaricus
777 457 933 490 uadatus
977 457 1038 490 Fa.
1075 456 1166 500 Hym
1196 465 1266 488 eur.
1296 466 1329 498 p.
1366 450 1452 487 199.
1512 452 1622 487 ΟΟΟΚ.
1653 453 1742 494 Brit,

290 541 397 582 Fung.
427 540 454 579 I,
485 551 516 582 p.
549 535 610 571 97.

421 621 526 661 Hab.
586 620 632 660 In
677 618 790 659 clivis
835 616 1079 671 graminosis
1116 615 1157 655 in
1188 615 1343 656 Fennia
1373 613 1520 654 saltem
1551 613 1742 655 meridio-

288 699 371 739 nali
401 698 566 751 passim,
597 699 753 737 aestate
782 698 822 736 et
852 698 1060 736 autumno.

420 783 534 816 Pileus
564 792 666 826 saepe
696 780 1023 815 infundibuliformis
1051 782 1086 813 et
1115 781 1268 818 zonatus,
1302 771 1409 810 2-4
1440 788 1503 810 em.
1528 777 1629 810 latus.
1674 777 1741 811 Sti-

289 873 349 905 pes
378 861 451 894 basi
481 861 756 900 subattenuatns,
796 859 1045 900 albo-villosus,
1086 854 1189 890 2—3
1225 868 1287 890 cm.
1318 857 1452 899 longus
1485 853 1508 888 4
1539 867 1618 888 mm.
1651 867 1741 889 cras-

288 951 354 973 sus.
413 939 542 982 Sporae
586 937 805 980 rubiginosae
856 935 1098 980 (subhyalinae
1141 936 1203 968 sub
1248 933 1369 976 lente),
1412 933 1737 977 subsphaeroideae,

300 1018 500 1061 rregnssares,
532 1017 632 1050 diam.
666 1012 769 1049 6-8
800 1026 915 1047 mmm.

417 1153 512 1193 Var.
544 1155 569 1207 β
599 1157 746 1193 viarum
776 1152 843 1191 FR.
877 1150 993 1204 Hym.
1024 1163 1107 1190 eur.
1140 1150 1165 1190 l.
1198 1164 1230 1191 c.

417 1231 553 1271 Pileus
595 1229 942 1278 membranaceus,
985 1228 1228 1281 inaequalis,
1273 1227 1484 1278 flaccidus,
1516 1242 1640 1282 saepe
1671 1242 1739 1270 ex-

289 1310 502 1358 centrie-us,
534 1309 686 1363 glaber,
718 1308 1013 1362 griseo-canus,
1045 1307 1211 1357 nitidus,
1244 1307 1509 1349 unaalterave
1539 1321 1644 1349 zona
1667 1307 1738 1349 ob-

288 1388 469 1428 scuriore
492 1390 668 1428 notatus.
716 1386 852 1438 Stipes
876 1386 1044 1434 farctus,
1069 1385 1224 1438 glaber.
1269 1385 1478 1426 Lainellae
1502 1390 1547 1426 ut
1569 1386 1610 1426 in
1626 1389 1736 1439 typo.
1762 1377 1770 1389 ¹

418 1456 522 1505 Hab.
582 1465 644 1505 Ad
675 1464 805 1505 latera
837 1464 1002 1505 viarum.
1062 1464 1173 1518 Typo
1205 1464 1289 1505 fere
1320 1464 1584 1517 freqventior.

420 1623 509 1661 174.
570 1622 649 1674 Ag.
698 1620 969 1661 cancrinus
1016 1621 1082 1660 Fa.
1129 1620 1264 1673 Epicr.
1299 1621 1404 1673 Syst.
1438 1635 1538 1674 myc.
1571 1637 1609 1674 p.
1646 1625 1734 1664 150.

418 1699 553 1740 Pileus
584 1699 1129 1747 carnoso-membranaceus,
1160 1699 1642 1749 convexo—uinbilicatus,
1668 1702 1736 1743 de-

285 1791 392 1816 mum
424 1790 640 1829 expansus,
671 1778 908 1829 inaeqvahs,
940 1777 1199 1827 flocculosus,
1231 1778 1370 1826 laevis,
1388 1779 1577 1827 exstrius,
1610 1779 1736 1821 dilute

283 1855 647 1904 incarnato-albus,
693 1856 904 1908 expallens
948 1855 1252 1897 subalutaceus.
1312 1857 1448 1909 Stipes
1480 1870 1500 1898 e
1530 1858 1662 1899 farcto
1691 1857 1736 1898 fi-

285 1933 474 1983 stulosus,
506 1937 657 1983 curtus,
687 1937 823 1983 tenax,
854 1933 1009 1986 glaber,
1041 1934 1172 1975 albus.
1217 1934 1426 1977 Laniellae
1457 1937 1734 1988 decurrentes,

286 2010 494 2059 distantes,
527 2025 576 2051 ex
604 2011 698 2052 albo
729 2011 881 2063 pallide
910 2012 1163 2053 incarnatae.

416 2096 496 2139 Syn.
556 2094 731 2139 Agrarc'cns
763 2097 951 2129 amerinus
980 2098 1043 2130 FR.
1076 2098 1233 2141 Monogr.
1266 2099 1367 2143 Hym.
1398 2111 1431 2144 p.
1466 2097 1536 2134 281
1575 2104 1610 2134 et
1633 2101 1734 2145 Hym.

286 2183 354 2206 eur.
386 2185 418 2216 p.
455 2170 539 2207 199.
597 2174 707 2208 COOK.
739 2175 827 2208 Brit.
859 2175 970 2218 Fung.
1002 2177 1029 2217 I,
1060 2188 1093 2220 p.
1129 2174 1190 2210 97.

416 2255 518 2295 Hab.
584 2257 646 2297 Ad
689 2257 820 2298 latera
860 2258 1014 2299 viarum
1053 2263 1093 2300 et
1123 2260 1225 2300 locis
1255 2260 1476 2314 pinguibus
1507 2265 1664 2303 aestate
1695 2267 1735 2303 et

285 2336 490 2373 autumno.
549 2334 593 2373 In
637 2335 791 2377 Fennia
833 2350 963 2389 prope
1007 2338 1203 2390 oppidum
1242 2326 1332 2380 Elbo
1377 2344 1418 2381 et
1460 2341 1501 2380 in
1539 2342 1734 2393 paroecia

285 2410 491 2450 Tannnela
520 2411 759 2463 parcissime
788 2414 930 2455 lectus.

416 2496 530 2529 Pileus
561 2497 733 2539 dill'orniis,
770 2501 923 2534 uncialis.
983 2502 1098 2545 Stipes
1129 2503 1281 2546 aequalis
1314 2505 1367 2536 vel
1399 2516 1532 2538 sursum
1563 2507 1731 2539 incrassa-

286 2577 350 2612 tus,
395 2578 484 2606 teres
528 2576 581 2607 vel
626 2586 848 2619 compressus,
879 2580 1102 2621 adscendens,
1133 2582 1207 2614 basi
1239 2582 1321 2616 villo
1352 2584 1431 2617 albo
1461 2584 1601 2617 humum
1629 2585 1731 2627 vulgo

285 2652 504 2695 conglobans,
535 2654 623 2687 altit.
656 2655 790 2688 circiter
823 2654 842 2688 3
873 2668 946 2699 em,
979 2659 1109 2692 (ei-assit.
1142 2656 1247 2692 2-4
1279 2672 1358 2695 nnn.
