1784 3177
293 186 372 225 268

236 312 345 364 ipse)
390 313 431 351 et
473 310 515 349 in
561 299 828 349 Osterbossten
870 308 1066 362 (Nerpesz
1111 308 1219 360 ipse)
1264 306 1472 348 mensibus
1502 306 1624 347 Junio
1655 309 1696 347 et

239 387 486 441 Septembri.

362 472 480 505 Pileus
510 472 637 505 muscis
666 472 797 505 innatis
827 472 932 514 vulgo
964 472 1136 504 obtectus.

366 620 409 660 C.
469 620 713 660 Inodermei.
772 619 911 659 Pileus
943 618 1133 671 primitus
1164 619 1303 658 aridus
1335 621 1377 658 et
1405 616 1562 665 firmus,
1594 616 1698 657 cuti-

238 698 332 739 cula
361 699 474 738 tenui
518 697 686 738 fibrosa.
722 722 765 726 —
804 698 938 737 Annui
977 697 1038 737 vel
1068 697 1252 744 biennes,
1283 709 1365 736 non
1396 695 1696 735 reviviscentes.

367 822 409 871 a)
441 820 578 859 Pileus
609 833 630 859 e
661 818 885 859 flocculoso
931 818 1145 871 glabratus
1188 818 1250 858 vel
1287 818 1484 870 adpresse
1516 816 1698 864 villosus,

236 898 521 950 inaeqvabilis,
554 910 721 944 azonus,
754 899 949 937 contextu
979 895 1146 936 fibroso.

366 999 386 1022 *
418 997 645 1038 Contextus
680 996 903 1037 coloratus.

366 1089 430 1127 37.
478 1086 522 1126 P.
555 1086 793 1138 vulpinus
825 1086 893 1125 Fa.
925 1086 967 1125 in
1000 1085 1089 1125 Vet.
1123 1084 1198 1124 Ak.
1229 1084 1350 1124 Pbrh.
1386 1085 1504 1132 1852,
1535 1097 1574 1135 p.
1609 1084 1699 1123 130.

367 1166 506 1206 Pileus
549 1167 787 1213 suberosus,
821 1164 993 1212 sessilis,
1024 1163 1109 1203 fere
1139 1162 1389 1215 pulvinatus,
1422 1161 1608 1202 obsolete
1638 1175 1703 1202 zo-

237 1249 371 1293 natus,
418 1244 724 1291 setoso-hirtus,
770 1243 916 1291 fulvus,
963 1242 1146 1296 margine
1191 1242 1372 1289 incurvo,
1419 1243 1553 1288 acuto,
1590 1240 1700 1279 intus

238 1323 331 1363 laxe
376 1322 614 1371 fibrillosus,
646 1322 991 1374 ferruginascens.
1052 1320 1148 1360 Pori
1187 1318 1380 1372 elongati,
1413 1317 1698 1370 subaeqvaks,

238 1402 371 1454 primo
400 1400 698 1448 albo-irrorati,
731 1399 862 1439 adulti
892 1399 1004 1446 nudi,
1035 1398 1175 1449 laceri,
1208 1396 1625 1438 fulvo-cinnamomei.

373 1484 455 1530 Syn.
515 1486 715 1529 Polyporus
760 1485 922 1528 vulpinus
954 1485 1013 1524 Fa,
1045 1484 1148 1527 Hym.
1179 1494 1249 1516 eur.
1280 1494 1313 1526 p.
1348 1479 1438 1515 565.
1498 1481 1542 1513 Ρ.
1574 1481 1699 1512 cuticu-

238 1565 327 1596 Zaris
370 1564 432 1596 Fn.
478 1564 594 1606 Epier.
639 1564 730 1606 Syst.
775 1574 807 1606 p.
853 1560 931 1595 458
977 1573 1028 1605 pr.
1059 1573 1092 1604 p.
1152 1560 1196 1593 P.
1221 1559 1411 1604 fibrillosus
1440 1559 1574 1592 KARST.
1608 1558 1697 1591 Finl.

239 1643 362 1686 Polyp.
393 1654 426 1686 p.
459 1639 521 1675 30.

368 1721 503 1753 Exsicc.
563 1720 697 1752 KARST.
731 1719 839 1761 Fung.
872 1718 980 1750 Fenn.
1016 1715 1106 1750 311.

370 1802 477 1843 Hab.
537 1801 600 1841 Ad
632 1804 799 1840 truncos
826 1800 1017 1853 lignaqve
1047 1803 1185 1848 Popula·
1215 1802 1255 1838 et
1286 1801 1370 1837 Pam·
1390 1796 1431 1836 in
1452 1795 1700 1836 Tavastland

242 1882 483 1930 (Tammelaz
515 1882 621 1932 ipse)
654 1885 696 1920 et
726 1870 994 1919 Osterbotten
1026 1878 1218 1930 (Sidebyz
1249 1878 1370 1929 ipse),
1400 1874 1611 1915 mensibus
1630 1874 1700 1914 Ju-

241 1959 605 2012 lio—Septembri.

371 2044 564 2077 Contextus
606 2044 804 2082 fibrillosus,
849 2043 943 2085 poris
986 2042 1179 2086 oppositus,
1224 2043 1377 2073 saturato
1407 2040 1700 2082 ferruginasoente

241 2121 355 2154 fulvus
398 2120 449 2161 (in
495 2132 587 2165 spec.
618 2118 774 2161 nostris).
832 2121 914 2153 Pori
944 2120 979 2152 in
1010 2129 1102 2162 spec.
1133 2119 1261 2151 nostris
1293 2116 1314 2150 5
1342 2129 1423 2150 mm.
1456 2120 1592 2149 tantum
1622 2127 1699 2160 pro·

241 2200 338 2233 fundi
368 2198 419 2239 (in
451 2200 596 2233 svecicis
625 2210 666 2232 ex
696 2199 758 2231 Fa.
792 2199 929 2231 circiter
963 2195 1021 2237 1,5
1055 2196 1150 2238 cm.),
1182 2197 1395 2240 pallidiores.
1454 2196 1572 2228 Pileus
1593 2190 1699 2227 3-——8

243 2288 305 2310 cm.
336 2278 439 2310 latus.

372 2415 436 2454 38.
496 2414 540 2453 P.
572 2414 804 2453 radiatus
836 2413 974 2465 (Sow.)
1006 2413 1073 2452 Fu.
1106 2413 1214 2464 Syst.
1248 2424 1349 2464 myc.
1380 2411 1411 2458 I,
1443 2425 1480 2463 p.
1513 2410 1606 2450 369.

373 2490 511 2530 Pileus
556 2491 791 2538 suberosus,
838 2492 1065 2537 coriaceus,
1110 2489 1280 2542 rigidus,
1327 2488 1699 2539 radiato—rugosus,

242 2569 376 2622 primo
421 2568 637 2616 velutinus,
682 2568 827 2617 fulvus,
875 2568 967 2608 dein
1018 2568 1244 2619 glabratus,
1293 2563 1700 2618 ferrugineo-fuscus,

244 2647 427 2700 margine
471 2647 670 2699 repando,
715 2650 894 2699 patente.
953 2646 1050 2687 Pori
1093 2646 1252 2696 minuti,
1295 2643 1453 2697 pallidi,
1485 2645 1698 2696 argenteo·

244 2726 457 2773 micantes,
481 2726 643 2765 demum
669 2725 904 2777 ferruginei.
