1784 3177
276 167 357 207 234

347 298 481 333 Exsice.
539 297 673 331 KAns'r.
703 296 814 339 Fung.
845 295 955 329 Fenn.
991 292 1080 328 111.

349 380 456 422 Hab.
516 379 563 419 In
605 377 716 419 foliis
759 376 1004 430 petiolisqve
1036 374 1233 423 deciduis,
1265 372 1476 414 mensibus
1506 371 1673 424 Sept.—

216 460 316 500 Nov.
374 459 422 499 In
452 458 484 498 F
487 457 609 498 ennia
639 457 784 498 saltem
816 455 989 496 australi
1017 451 1358 506 freqventissime.
1530 434 1539 442 ’

351 543 524 584 Tenellus,
567 542 756 586 gregarius.
815 541 933 575 Pileus
975 536 1081 573 4-8
1110 549 1191 572 mm.
1221 537 1324 570 latus.
1383 535 1501 578 Stipes
1536 530 1676 577 1,5-3

216 624 353 666 longus.

685 770 798 810 XIII.
847 766 1118 809 LENTINUS
1145 766 1216 806 Fa.

354 873 461 914 Sect.
494 872 522 912 Ι.
560 870 821 924 Mesopodes.
862 868 1002 909 Pileus
1032 867 1283 919 subinteger‚
1316 864 1455 917 stipite
1477 863 1683 905 distincto.

357 976 392 1014 1.
451 974 494 1013 L.
528 971 762 1026 lepideus
793 969 861 1011 FP..
894 968 1031 1022 Epicr.
1065 967 1169 1021 Syst.
1200 980 1303 1020 myo.
1335 979 1375 1018 p.
1407 966 1500 1006 390.

354 1063 494 1106 Pileus
525 1061 977 1112 carnoso-compactus,
1008 1058 1157 1106 lentus,
1189 1070 1211 1097 e
1242 1068 1424 1097 convexo
1451 1054 1684 1107 depressus,

222 1141 464 1196 inaeqvahs,
509 1137 913 1192 ochraceo-pallidus
944 1135 1006 1177 vel
1037 1135 1213 1184 albidus,
1244 1134 1286 1174 in
1318 1146 1508 1186 sqvamas
1538 1131 1684 1173 obscu-

222 1222 366 1270 riores,
397 1218 705 1261 maculiformes
737 1215 963 1257 tliffraotus.
1023 1213 1162 1266 Stipes
1192 1212 1365 1259 validus,
1381 1210 1605 1259 radicatus,
1626 1212 1687 1250 to-

224 1302 687 1350 mentoso-sqvamosus.
747 1293 957 1335 Lamellae
989 1290 1452 1339 sinuato-decurrentes,
1475 1288 1600 1339 latae:
1630 1287 1688 1328 la-

225 1391 358 1427 cerae,
389 1379 623 1418 transverse
654 1373 839 1421 striatae,
864 1371 1042 1412 albidae.

360 1458 441 1507 Syn.
500 1458 679 1504 Ayarz'cus
721 1457 877 1501 lepideus
907 1456 968 1489 FR.
1000 1452 1090 1499 Syst.
1127 1465 1214 1498 myc.
1245 1454 1273 1494 Ι,
1302 1464 1336 1497 p.
1372 1449 1458 1486 176.
1516 1451 1690 1484 Laminas

225 1541 379 1586 lapideus
408 1541 469 1574 Fa.
501 1539 603 1584 Hym.
634 1549 705 1571 eur.
737 1548 770 1580 p.
802 1532 893 1569 481.

361 1623 466 1664 Hah.
527 1621 590 1662 Ad
634 1620 747 1673 ligna
777 1623 862 1659 Pina·
892 1617 1214 1658 vere-autumno.
1275 1613 1321 1653 In
1351 1611 1590 1667 regionibus
1618 1611 1691 1652 bo-

227 1703 411 1746 realibus
440 1705 505 1743 sat
532 1701 737 1753 fremens,
768 1698 810 1737 in
841 1694 1093 1737 australibus
1124 1693 1270 1733 rarior.

362 1789 474 1823 Valde
505 1786 682 1826 difformis,
714 1781 1008 1822 subexcentrieus,
1040 1780 1146 1813 odore
1177 1781 1231 1811 sat
1259 1781 1369 1821 grato.
1408 1776 1525 1809 Pileus
1557 1772 1690 1808 5-10

230 1881 293 1903 cm.
324 1870 426 1903 latus.
485 1868 616 1911 Sporae
661 1862 986 1908 subsphaeroideae,
1016 1860 1118 1893 diam.
1150 1855 1255 1891 2—3
1287 1867 1404 1890 mmm.
1461 1856 1589 1889 Forma
1617 1857 1693 1888 tota

231 1960 377 1990 ramosa,
409 1949 539 1991 absqve
575 1946 668 1990 pileo
708 1941 907 1983 (Ramarz'a
938 1938 1130 1972 ceratoides
1161 1937 1324 1971 HOLMsK.
1354 1936 1389 1968 in
1420 1935 1530 1978 Fung.
1562 1934 1639 1967 dan.
1665 1934 1692 1975 Ι,

232 2041 265 2073 p.
313 2026 405 2069 lOl)
448 2028 483 2060 in
529 2024 660 2070 cryptis
704 2002 914 2062 ortaslecta
943 2024 997 2052 est
1026 2019 1062 2052 in
1092 2017 1255 2062 paroecia
1284 2015 1448 2049 Kareliae
1479 2012 1692 2054 borealioris,

233 2108 366 2148 Kiides,
412 2107 454 2139 ab
497 2106 540 2139 A.
586 2104 626 2137 Ε.
673 2102 793 2146 Arppe
839 2103 875 2133 et
905 2100 940 2132 in
971 2097 1152 2142 Lapponia
1182 2096 1313 2130 rossica
1343 2095 1386 2128 ad
1417 2092 1646 2135 Kusss-guba
1676 2101 1696 2123 a

235 2188 346 2222 nobis.

370 2327 406 2365 2.
466 2323 509 2362 L.
543 2320 847 2362 cochleatus
878 2316 1034 2370 (PERs.)
1066 2314 1134 2354 Fa.
1157 2312 1295 2365 Epicr.
1337 2312 1444 2365 Syst
1476 2323 1514 2362 p.
1549 2310 1640 2349 294.

370 2414 509 2454 Pileus
541 2424 752 2459 carnosus,
783 2410 933 2457 lentus,
964 2404 1217 2459 irregularis,
1248 2400 1492 2444 sublobatus
1519 2397 1583 2439 vel
1603 2410 1698 2439 con-

237 2496 385 2542 tortus,
416 2491 639 2533 rufesoens.
700 2489 837 2541 Stipes
868 2486 1037 2534 solidus,
1072 2482 1227 2531 firmus,
1259 2479 1467 2529 centralis,
1497 2475 1700 2519 excentri-

240 2587 312 2615 ous
342 2571 407 2613 vel
435 2569 634 2619 lateralis,
665 2568 862 2615 sulcatus,
898 2564 1053 2619 glaber,
1085 2562 1196 2616 pileo
1226 2558 1432 2602 concolor.
1490 2553 1699 2597 Lamellae

241 2650 465 2699 confertae,
498 2649 695 2696 serratas,
725 2644 1028 2687 carneo-albae.

375 2736 457 2781 Syn.
528 2732 707 2778 Ayaricus
736 2731 926 2766 cochleatas
956 2730 1061 2764 Pisas.
1094 2728 1174 2773 Syn.
1205 2726 1315 2769 Fung.
1344 2736 1377 2769 p.
1409 2719 1499 2756 450,
1526 2720 1587 2754 Fa.
1609 2714 1699 2763 Syst.
