1784 3177
432 334 541 376 Fungi
573 334 706 367 carnosi
739 334 793 367 vel
824 324 1088 377 membranacei.
1119 340 1360 380 putrescentes
1387 349 1449 371 nec
1476 338 1639 372 exsiccati
1666 340 1756 374 revi-

298 412 481 443 viscentes.

429 481 533 522 Sect.
566 482 595 522 I.
656 482 922 537 Leucospori.
982 485 1139 538 Sporae
1169 486 1290 528 albae
1321 487 1384 528 vel
1414 487 1592 529 albidae.

426 561 474 600 A.
534 559 670 613 Stipes
701 563 909 603 centralis.
970 564 1115 604 Velum
1147 568 1394 615 contextum,
1427 566 1702 609 manifestum.

700 672 878 726 Subgen.
909 675 940 714 Ι.
1000 675 1245 716 ΑΜΑΝΙΤΑ
1275 677 1344 717 ΡΒ.

425 749 788 803 Hymenophorum
819 765 842 791 a
874 752 1013 805 stipite
1045 753 1278 794 discretum.
1344 754 1490 795 Velum
1520 756 1752 799 universale
1783 811 1784 820 ἵ

292 826 443 880 (volva)
474 828 525 868 ab
562 828 814 880 epidermide
851 830 948 882 pilei
987 831 1221 872 discretum.
1252 856 1306 862 —
1336 833 1489 874 Omnes
1519 837 1749 878 terrestres.

693 928 870 982 Subgen.
904 930 954 970 II.
1013 931 1246 971 LEPIOTA
1277 933 1345 972 Fn.

422 1006 783 1059 Hymenophorum
826 1012 872 1049 ut
914 1009 955 1049 in
1000 1011 1151 1063 priore.
1211 1012 1354 1052 Velum
1388 1013 1618 1056 universale
1655 1030 1744 1056 cum

289 1083 397 1135 pileo
430 1090 678 1127 concretum.
709 1112 763 1116 —
792 1088 1037 1130 Terrestres.

627 1186 803 1240 Subgen.
835 1188 910 1228 III.
972 1190 1309 1233 ARMILLARIA
1340 1194 1409 1234 Fa.

419 1263 779 1317 Hymenophorum
809 1280 901 1306 cum
931 1269 1071 1320 stipite
1101 1271 1298 1312 annulato
1330 1273 1578 1326 contiguum.

419 1340 463 1380 B.
525 1342 661 1394 Stipes
687 1345 893 1385 centralis.
946 1346 1090 1387 Velum
1119 1348 1228 1389 haud
1251 1351 1512 1391 manifestum
1534 1353 1596 1393 vel
1615 1352 1744 1394 fibril-

286 1418 430 1459 losum.

620 1511 799 1566 Subgen.
830 1513 899 1554 IV.
959 1515 1316 1559 TRICHOLOMA
1346 1520 1415 1560 FR.

418 1587 554 1640 Stipes
586 1603 794 1632 carnosus.
855 1593 1064 1635 Lamellae
1094 1597 1253 1648 postice
1281 1598 1482 1640 sinuatae.
1505 1625 1557 1630 -
1578 1602 1742 1644 Terres-

284 1668 381 1714 tres⁷
413 1668 587 1718 carnosi,
619 1683 838 1722 numqvam
869 1671 1058 1713 obconici
1089 1675 1152 1715 vel
1182 1690 1274 1716 vere
1304 1677 1547 1720 umbilicati.

651 1769 828 1824 Subgen.
863 1772 909 1811 V.
970 1773 1272 1816 CLITOCYBE
1305 1778 1372 1819 Fu.

414 1844 547 1895 Stipes
588 1850 705 1888 extus
745 1847 1160 1894 fibroso-oorticatus.
1229 1855 1438 1898 Lamellae
1476 1859 1740 1902 decurrentes

282 1921 344 1961 vel
381 1926 499 1963 acute
536 1925 724 1967 adnatae.
766 1953 809 1957 ⁷—
854 1929 1100 1981 Terrestres,
1138 1932 1288 1974 lentius
1327 1937 1502 1986 carnosi,
1541 1942 1585 1978 ut
1614 1939 1741 1991 pluri-

284 2013 391 2038 mum
420 2000 752 2056 plano-depressi
783 2007 844 2047 vel
874 2008 1289 2054 infundibuliforines.

655 2103 833 2158 Subgen.
867 2108 934 2148 VI.
996 2110 1266 2153 COLLYBIA
1297 2114 1365 2154 Fu.

415 2178 550 2231 Stipes
582 2184 700 2222 extus
731 2185 1035 2239 cartilagineus.
1088 2189 1225 2231 Pileus
1249 2194 1740 2246 convexo-planus,n1ar-

281 2254 374 2307 gine
402 2257 533 2308 primo
564 2258 757 2311 involuto,
789 2277 864 2304 nec
895 2266 1266 2320 sulcato-plicatus,
1296 2285 1371 2312 nec
1402 2274 1599 2327 corrugis.
1664 2275 1741 2316 La-

281 2332 428 2373 mellae
456 2334 611 2376 liberae
643 2338 704 2378 vel
735 2342 892 2391 postice
925 2344 1070 2386 obtuse
1102 2347 1300 2399 adnexae,
1329 2350 1439 2391 haud
1463 2352 1738 2394 decurrentes.

279 2433 333 2439 ——
367 2410 497 2465 Fungi
541 2413 673 2467 ligni-,
705 2417 811 2458 folii-
842 2421 903 2461 vel
934 2422 1180 2477 fungicolae,
1213 2428 1284 2468 sed
1316 2429 1367 2469 ob
1399 2430 1581 2472 radicem
1613 2445 1736 2485 saepe

279 2491 495 2531 terrestres
527 2492 647 2544 obvii,
680 2495 789 2537 baud
820 2499 1089 2553 crispicantes
1120 2519 1194 2546 nec
1226 2512 1474 2550 arescentes.

665 2595 843 2650 Subgen.
876 2600 967 2641 VII.
1026 2603 1253 2646 MYOENA
1286 2604 1359 2648 Fa.

411 2667 546 2720 Stipes
591 2673 895 2728 cartilagineus,
941 2679 1162 2723 fistulosus.
1237 2686 1374 2727 Pileus
1420 2690 1735 2742 campanulatus

279 2745 460 2797 margine
504 2749 692 2799 primitus
736 2758 862 2804 recto,
903 2759 1032 2810 stipiti
1069 2775 1227 2803 sursum
1270 2768 1483 2808 attenuato
1520 2769 1731 2822 adpresso.
