1784 3177
302 199 380 237 272

379 331 460 374 Syn.
519 326 663 360 Boletus
683 326 935 370 ferruyz'nosus
964 325 1118 359 ScnRAD.
1150 323 1243 366 Spic.
1276 333 1309 365 p.
1348 318 1435 354 171.
1483 320 1585 352 Pana.
1621 319 1703 363 Syn.

247 409 357 451 Fung.
401 419 434 450 p.
482 404 572 439 544.
630 404 830 447 Polyporus
849 404 1102 447 ferruginosus
1132 401 1196 434 ΕΒ.
1227 401 1343 444 Epicr.
1375 400 1466 443 Syst.
1496 410 1530 442 p.
1562 395 1639 431 483
1669 399 1706 430 et

248 486 351 530 Hym.
391 496 463 518 eur.
493 496 527 528 p.
553 480 645 517 571.

378 566 486 607 Hab.
545 565 608 605 Ad
638 564 752 618 ligna
788 566 829 603 et
857 566 1025 603 truncos
1057 565 1219 601 Beculae
1250 563 1290 600 et
1319 562 1461 599 Salicis
1489 559 1531 598 in
1561 571 1707 610 paroe-

250 647 315 687 cia
357 643 568 685 Tammela
610 643 764 696 passim
806 644 1001 681 autumno
1033 643 1075 680 et
1102 639 1249 679 hieme.
1309 637 1429 678 Certe
1459 636 1543 677 late
1573 635 1709 677 distri-

249 724 386 765 butus.

381 807 528 841 Unciam
558 817 666 849 usqve
697 816 842 838 crassus.
903 804 984 837 Pori
1014 804 1050 836 in
1081 806 1200 836 nostro
1231 801 1366 841 minuti,
1393 799 1534 833 rotundi
1555 799 1610 832 vel
1631 799 1709 832 sub-

252 886 404 920 rotundi.
464 884 648 928 Mycelinm
679 882 895 915 ochraceum.

385 1046 451 1085 46.
510 1043 554 1083 P.
603 1042 876 1095 contiguus
920 1040 1075 1093 (psas.)
1111 1039 1180 1078 Fa.
1212 1038 1318 1092 Syst.
1350 1050 1452 1090 myc.
1484 1035 1517 1085 I,
1548 1049 1587 1088 p.
1620 1036 1712 1076 378.

386 1132 708 1184 Receptaculum
753 1130 940 1178 effusum,
982 1142 1182 1177 crassum,
1219 1127 1394 1175 firmum,
1431 1124 1716 1177 submargina-

256 1217 356 1259 tum,
381 1211 522 1263 junius
569 1210 910 1256 cinnamomeum,
956 1206 1142 1259 margine
1180 1205 1371 1258 primitus
1401 1203 1560 1245 villoso.
1620 1202 1716 1242 Pori

258 1289 489 1343 majusculi,
521 1288 728 1340 aeqvales,
761 1287 911 1334 obtusi,
943 1285 1104 1338 integri.

391 1375 473 1418 Syn.
532 1373 676 1406 Boletus
706 1373 887 1415 cooztiqems
916 1372 1021 1404 PERS.
1053 1372 1136 1415 Syn.
1169 1370 1279 1412 Fung.
1312 1380 1345 1412 p.
1380 1365 1470 1400 544.
1520 1365 1719 1409 Polyporus

260 1453 442 1496 contignus
471 1452 532 1485 Fu.
564 1452 679 1495 Epicr.
713 1447 804 1495 Syst.
838 1461 924 1494 myc.
958 1461 991 1493 p.
1025 1446 1102 1482 483
1135 1451 1170 1481 et
1200 1447 1301 1491 Hym.
1333 1458 1403 1479 eur.
1437 1458 1469 1489 p.
1502 1442 1592 1478 571.

388 1533 494 1574 Hah.
555 1533 689 1585 Supra
733 1532 845 1585 ligna
888 1531 1169 1583 putrescentia
1205 1532 1347 1569 Abietis
1376 1528 1418 1567 in
1447 1526 1604 1567 Fennia
1632 1528 1722 1565 tota

260 1617 302 1653 et
344 1611 560 1664 Lapponia
604 1611 762 1651 rossica
809 1609 1118 1662 (Knasa-guba:
1149 1608 1270 1660 ipse),
1301 1610 1626 1653 autumno-vere,
1658 1606 1722 1643 sat

260 1692 464 1743 freqvens.

391 1777 431 1809 Iu
462 1776 591 1808 nostris
622 1774 870 1818 speciminibus
913 1772 1025 1816 pileus
1060 1772 1197 1810 effusus,
1227 1767 1249 1802 2
1281 1767 1440 1802 mm.-1
1477 1779 1541 1801 cm.
1574 1775 1719 1805 crassus,

264 1855 558 1894 cinnnamomeus,
590 1853 744 1895 margine
789 1854 987 1884 tomentoso
1019 1849 1203 1889 concolori,
1235 1848 1410 1881 interdum
1440 1843 1719 1882 effuso-reflexus,

264 1932 484 1966 concentrice
529 1931 691 1971 sulcatus,
723 1930 803 1962 dein
834 1929 1023 1971 glabratus,
1055 1927 1265 1970 nigrescens,
1296 1925 1371 1968 pori
1402 1923 1536 1963 minuti,
1567 1920 1719 1961 rotundi,

266 2011 438 2053 aeqvales,
469 2010 597 2049 obtusi,
625 2008 764 2050 integri,
795 2006 1038 2039 einnamomei.

400 2181 420 2203 '³
450 2179 494 2218 P.
527 2179 743 2218 rixosus
773 2177 913 2216 KARST.

399 2266 578 2316 Effusus,
623 2264 1123 2319 ferrugineo-fulvescens,
1160 2263 1322 2303 demum
1353 2273 1536 2308 croceus,
1567 2257 1724 2299 ambitu

270 2347 701 2401 byssaceo·context0,
747 2341 1139 2394 ochraceo-pallido,
1172 2340 1420 2380 submicans.
1480 2337 1576 2377 Pori
1606 2335 1724 2383 curti,

271 2432 416 2465 tenues
461 2422 661 2476 angulosi,
708 2422 800 2462 dein
846 2433 970 2472 saepe
1014 2419 1141 2459 laceri
1184 2418 1297 2465 rarii,
1336 2416 1540 2456 mediores
1570 2413 1632 2454 vel
1662 2416 1726 2453 sat

273 2502 418 2542 minuti
449 2501 570 2553 (latit.
602 2501 793 2549 0,1-0,5
820 2500 934 2550 mm.)

404 2587 485 2630 Syn.
544 2584 742 2627 Polyporns
786 2595 924 2616 croceus
953 2582 1031 2626 Nyl.
1064 2582 1172 2615 Herb.
1205 2581 1292 2614 Mus.
1325 2579 1434 2612 Fenn.
1466 2589 1501 2621 p.
1538 2573 1623 2609 102.
1681 2573 1724 2606 Ρ.

276 2666 457 2708 contiyzms
500 2664 633 2696 KARST.
679 2664 714 2695 in
759 2662 840 2695 Not.
886 2672 926 2693 ur
969 2660 1094 2694 Sallsk.
1139 2670 1202 2702 pro
1229 2659 1338 2691 Fann.
1368 2661 1404 2689 et
1433 2656 1525 2689 Flor.
1554 2654 1657 2688 Forh.
1691 2650 1725 2694 9,

283 2739 396 2782 1868,
427 2752 460 2784 p.
494 2738 584 2773 360.
636 2740 696 2772 FR.
727 2739 829 2782 Hym.
868 2749 939 2770 eur.
972 2749 1005 2780 p.
1040 2734 1129 2770 571.
