1784 3177
263 190 314 230 74

207 327 279 354 rae
308 311 558 360 fasciculati,
586 309 775 358 humiles,
805 308 847 348 in
878 307 1039 360 apicem
1070 305 1307 347 desinentes
1337 305 1409 345 aut
1429 302 1670 356 simplicem,

209 391 447 434 subulatum
478 391 549 430 aut
579 388 707 429 semel
736 387 852 428 bisve
881 385 1062 427 breviter
1084 383 1348 433 bifurcatum,
1370 380 1581 423 rarissime
1600 379 1672 420 tri-

206 472 426 520 furcatum,
458 468 534 508 sub
565 466 683 519 apice
713 465 840 506 ramis
871 464 1060 504 1-3—4
1089 461 1248 510 muniti,
1270 459 1582 502 horizontaliter
1601 471 1673 511 pa-

209 546 404 595 tentibus,
459 544 600 594 semel,
644 543 709 584 bis
753 546 865 583 terve
918 540 1159 581 trifurcatis.
1218 538 1338 579 Rami
1391 537 1514 590 primi
1566 535 1674 592 ord-i-

209 626 273 666 nis
321 625 561 678 plerumqve
613 621 858 670 brevissimi,
911 619 1047 660 rarius
1101 617 1294 671 elongati,
1339 616 1474 658 ultimi
1518 629 1540 656 e
1582 614 1675 656 basi

208 705 295 745 lata
325 702 521 751 subulati,
552 704 757 754 patentes,
787 699 903 748 recti,
925 711 1020 739 raro
1043 696 1309 738 subflexuosi.
1367 693 1678 748 Zoosporangia

211 779 674 835 subgloboso-cvoidea,
714 777 998 831 magnitudine
1029 775 1148 817 valde
1178 773 1427 826 inaeqvalia,
1458 771 1577 825 apice
1606 784 1678 824 pa-

211 860 315 913 pilla
345 857 612 899 obtusissima
641 856 708 898 vix
737 855 996 908 prominente
1029 853 1200 894 munita.
1261 851 1451 905 Oogonia
1479 849 1679 903 irregula-

211 937 314 978 riter
355 935 621 990 subglobosa,
667 934 836 988 hyalina
873 932 937 974 vel
973 931 1129 985 pallide
1168 929 1458 978 fuscescentia,
1489 927 1680 982 rigidius-

215 1016 321 1057 cula.
381 1016 597 1067 Oosporae
628 1012 940 1066 sphaeroideae,
972 1011 1109 1052 laeves
1139 1009 1203 1051 vel
1233 1008 1502 1062 subrugosae,
1525 1005 1681 1060 pallide

213 1094 503 1143 luteo-fuscae,
535 1091 802 1145 majusculae.

347 1181 430 1224 Syn.
489 1178 651 1222 Botrytis
680 1178 784 1210 nivea
813 1176 908 1210 UNG.
940 1175 1091 1209 Exanth.
1123 1186 1157 1219 p.
1195 1172 1281 1215 171,
1312 1176 1338 1207 t.
1370 1173 1416 1207 II.

347 1247 484 1281 Exsicc.
543 1247 678 1279 KARs'r.
711 1245 822 1287 Fung.
854 1244 963 1277 Fenn.
987 1240 1077 1276 685.
1136 1253 1168 1275 v.
1190 1242 1306 1274 ΤΗϋΜ.
1326 1240 1438 1283 Fung.
1459 1241 1565 1273 austr.
1593 1237 1681 1272 111.

349 1319 456 1360 Hab.
517 1319 580 1359 Ad
618 1317 720 1358 folia
758 1317 847 1357 viva
877 1314 1243 1356 Umbelliferarum
1274 1313 1492 1364 variarum,
1524 1311 1684 1365 praeci-

216 1412 297 1452 pue
342 1401 557 1448 Aeqopodc'c'
601 1400 888 1446 Podaffl·a2·c'ae,
931 1398 1142 1444 Arzqelc'cae
1179 1396 1372 1444 sylvestris
1411 1394 1452 1432 et
1490 1393 1686 1431 Anlhrisci

216 1482 408 1528 sylvestris
443 1477 485 1517 in
524 1476 681 1517 Fennia
711 1474 884 1516 australi
916 1477 957 1515 et
987 1472 1123 1514 media
1154 1471 1320 1525 (Wasaz
1351 1470 1474 1524 ipse),
1500 1469 1596 1523 jove
1625 1468 1686 1509 fa-

219 1560 351 1609 vente,
385 1558 450 1596 sat
478 1555 686 1606 freqvens.

354 1693 393 1731 2.
452 1689 496 1729 Ρ.
539 1687 726 1741 pusilla
766 1686 825 1726 DE
864 1686 910 1726 B.
953 1685 1078 1726 Rech.
1120 1698 1152 1727 s.
1192 1684 1230 1725 le
1263 1684 1350 1726 dev.
1382 1683 1475 1724 Per.
1507 1682 1549 1723 in
1580 1683 1685 1723 Ann.

221 1771 285 1811 Sc.
318 1773 401 1810 nat.
436 1769 555 1817 1863,
588 1781 665 1808 ser.
696 1767 766 1816 IV,
788 1770 816 1806 t.
838 1766 919 1806 XX
941 1767 982 1806 et
1001 1764 1043 1804 in
1064 1763 1205 1805 Hedw.
1232 1765 1349 1813 1864,
1371 1763 1446 1803 N:o
1470 1764 1507 1811 9,
1529 1775 1568 1814 p.
1594 1762 1685 1802 132.

354 1847 535 1902 Mycellii
572 1846 734 1900 hyphae
772 1845 945 1894 validae,
987 1857 1112 1896 saepe
1152 1842 1363 1884 varicosae
1394 1844 1435 1882 et
1464 1840 1686 1882 torulosae.

221 1926 449 1968 Haustoria
491 1937 727 1973 numerosa,
766 1922 1099 1971 vesiculiformia,
1140 1921 1330 1962 obovata.
1387 1918 1560 1972 Stipites
1594 1931 1689 1959 zoo-

222 2004 514 2059 sporangiiferi
558 2003 899 2052 numerosissimi,
949 2002 1188 2055 plerumqve
1230 2000 1392 2041 10—20
1431 1998 1475 2038 in
1512 1996 1688 2038 fascicu-

222 2085 306 2124 lum
343 2083 498 2133 coaliti,
530 2096 551 2124 e
582 2081 830 2124 stomatibus
861 2084 1131 2134 emergentes,
1164 2077 1315 2132 singuli
1342 2078 1489 2119 breves
1520 2077 1688 2130 (0‚07—

224 2164 285 2212 Ο,1
322 2177 414 2202 mm.
447 2162 551 2214 alti),
582 2174 740 2202 summo
773 2160 891 2213 apice
923 2159 1050 2200 semel
1080 2158 1194 2199 bisve
1226 2155 1462 2204 dichotomi,
1493 2167 1589 2196 raro
1615 2153 1687 2194 tri-

228 2240 421 2290 chotomi,
454 2240 620 2293 saepius
651 2237 1083 2292 pseudo-trichotomi,
1115 2249 1229 2278 ramo
1255 2234 1453 2289 primario
1475 2233 1606 2275 altero
1626 2232 1689 2274 bi-

224 2320 340 2360 furco
380 2320 511 2360 altero
550 2318 740 2372 simplici.
800 2317 919 2358 Rami
956 2329 1098 2358 omnes
1128 2315 1361 2356 brevissimi
1393 2313 1684 2368 (O‚Oll——0,0l

224 2413 319 2439 mm.
352 2397 496 2451 longi),
529 2399 893 2450 erecto-patentes,
924 2394 1159 2437 secundarii
1189 2393 1400 2434 rarissime
1430 2392 1607 2433 interum
1628 2390 1689 2431 bi-

223 2475 387 2526 furcati,
431 2476 565 2516 ultimi
610 2489 771 2517 sursum
809 2474 1025 2524 attenuati,
1061 2472 1236 2514 conidiis
1274 2470 1456 2524 delapsis
1494 2469 1688 2511 truncati.

225 2555 538 2610 Zoosporangia
571 2555 744 2596 ovoidea
773 2554 836 2596 vel
867 2552 1109 2603 obovoidea,
1139 2551 1257 2592 valde
1286 2548 1532 2602 inaeqvalia,
1564 2561 1689 2601 qvan-

227 2635 360 2688 doqve
389 2633 584 2687 gigantea
614 2633 686 2684 (ad
715 2635 768 2673 40
799 2646 935 2673 mmm.
966 2631 1122 2685 longa),
1154 2629 1272 2683 apice
1292 2627 1506 2682 papillata.
1552 2627 1688 2680 Oogo-

227 2713 297 2755 nia
326 2713 480 2767 ignota.
