1784 3177
302 204 383 244 254

377 329 484 370 Hab.
545 330 608 370 Ad
651 333 820 372 truncos
864 331 1059 373 arborum
1088 332 1379 373 frondosarum
1409 345 1483 385 per
1512 331 1708 373 Fenniam

245 411 287 447 et
315 407 573 460 Lapponiam
604 409 803 450 rossicam
832 410 1055 463 dispersus.
1116 410 1314 464 Cognitus
1344 414 1407 451 est
1437 424 1458 451 e
1488 410 1709 456 Tammela,

244 486 438 535 Wichtis‚
470 486 703 540 Jalasjarvi,
734 488 946 529 Kuusamo
977 491 1018 529 et
1046 488 1321 529 Rasnavolok.
1381 489 1460 529 Per
1490 503 1652 530 annum.

369 572 498 605 Noster
528 573 620 616 pileo
650 573 755 616 plano
786 574 841 607 vel
872 574 1047 607 interdum
1080 574 1213 617 postiae
1242 574 1416 607 levissime
1437 575 1612 618 depresso,
1634 585 1710 618 per-

244 650 410 683 sistenter
453 651 544 691 albo,
589 650 680 684 haud
725 651 861 694 vii-gato
912 650 1011 685 1--7
1060 663 1124 685 cm.
1169 653 1253 694 lato,
1290 653 1409 696 stipite
1440 653 1581 696 pallido,
1612 653 1710 686 basin

244 739 364 761 versus
406 731 483 762 atro
527 732 588 762 aut
631 733 706 764 toto
750 733 838 764 atro.
898 731 980 765 Pori
1010 731 1104 775 plani
1137 732 1191 764 vel
1222 732 1524 772 subdecarrentes,
1555 731 1710 764 siccitate

243 806 557 849 ferrugiuascentes
586 809 642 841 vel
672 809 868 842 lutesoente
897 810 1030 853 pallidi.

369 922 414 961 B.
475 922 611 975 Stipes
640 922 840 972 lateralis,
871 923 962 965 basi
993 925 1199 966 concolor.

369 1013 406 1051 9.
466 1012 510 1051 P.
543 1011 758 1053 lucidus
789 1013 965 1066 (Lavss.)
996 1014 1067 1053 FP..
1100 1014 1207 1067 Syst.
1238 1027 1340 1067 myc.
1373 1014 1403 1063 I,
1434 1027 1474 1066 p.
1507 1015 1599 1053 353.

368 1090 507 1131 Pileus
552 1104 574 1131 e
605 1091 805 1132 suberoso
835 1091 1033 1145 lignosus,
1064 1091 1378 1141 flabelliformis‚
1411 1093 1713 1146 sulcato-rugo-

244 1182 326 1218 sus,
358 1169 555 1214 lacoatus.
586 1170 756 1218 nitidus,
787 1184 809 1210 e
839 1170 946 1211 flavo
977 1171 1454 1224 sangvineo-castaneus.
1500 1171 1634 1221 Stipes
1654 1171 1713 1211 la-

244 1248 399 1298 teralis,
445 1248 641 1301 aeqvalis,
677 1248 876 1297 laoeatus,
909 1249 1075 1298 nitidus,
1107 1249 1218 1302 pileo
1250 1249 1458 1290 concolor.
1518 1250 1613 1290 Pori
1645 1250 1712 1290 de-

244 1326 468 1377 terminati,
499 1326 625 1381 longi,
657 1327 815 1376 minuti,
847 1340 898 1367 ex
929 1327 1025 1368 albo
1057 1327 1343 1369 cinnamomei.

379 1411 461 1456 Syn.
524 1411 664 1445 Boletus
707 1411 843 1444 lucidus
888 1413 1010 1446 Lm'ss.
1042 1413 1134 1446 Flor.
1164 1413 1232 1446 hal.
1265 1425 1299 1457 p.
1335 1411 1425 1446 300.
1486 1410 1576 1447 Sow.
1609 1413 1710 1456 Engl.

245 1491 356 1533 ang.
400 1494 426 1523 t.
478 1488 564 1524 134.
623 1491 716 1524 Flor.
762 1491 842 1524 dan.
889 1494 914 1523 t.
966 1487 1081 1524 1253.
1141 1491 1246 1524 Pnas.
1291 1491 1372 1535 Syn.
1412 1491 1521 1534 Fung.
1552 1503 1586 1535 p.
1620 1487 1709 1525 522.

247 1568 444 1612 Polyporus
487 1568 623 1602 lucidas
665 1570 728 1604 Fa.
773 1570 890 1614 Epicr.
937 1565 1028 1614 Syst.
1068 1581 1152 1614 myc.
1195 1581 1228 1613 p.
1270 1566 1348 1602 442
1381 1573 1416 1602 et
1446 1570 1547 1614 Hym.
1578 1581 1650 1603 eur.
1681 1582 1712 1613 p.

247 1643 338 1683 537.
395 1648 529 1682 KARST.
562 1647 668 1692 Sydv.
700 1648 791 1681 Finl.
824 1648 947 1693 Poiyp.
981 1660 1014 1692 p.
1048 1644 1111 1682 23.

380 1727 515 1761 Exsicc.
545 1727 680 1761 KAus‘r.
712 1727 821 1770 Fung.
854 1727 965 1761 Fenn.
1000 1722 1090 1760 239.

372 1808 480 1850 Hah.
541 1810 603 1850 Ad
633 1813 802 1850 truncos
837 1813 1014 1857 Quercus,
1049 1812 1136 1849 Alm'
1165 1812 1383 1859 ylutiwosae
1413 1812 1454 1849 et
1484 1811 1626 1849 Abdelis
1647 1823 1714 1849 ece-

249 1891 386 1935 eelwe,
431 1892 603 1931 aestate.
664 1888 881 1942 Cognitum
924 1887 1124 1929 habemus
1169 1901 1190 1929 e
1234 1888 1430 1937 Runsala,
1462 1887 1713 1928 Merimasku

250 1972 291 2008 et
322 1968 460 2009 Wasa.

375 2125 482 2166 Sect.
528 2124 598 2165 III.
659 2124 866 2166 Merisma.
926 2124 1027 2165 Pilei
1072 2123 1410 2173 numerosissimi‚
1442 2122 1662 2172 imbricati,
1692 2135 1713 2162 e

250 2206 396 2244 trunco
441 2205 646 2245 communi
691 2204 899 2257 explicati.
949 2228 995 2233 ——
1035 2203 1165 2257 Fungi
1196 2202 1504 2256 speciosissimi,
1536 2201 1713 2242 omnium

251 2282 431 2322 maximi.

376 2373 422 2412 A.
483 2371 620 2413 Pileus
652 2386 863 2414 carnosus.

379 2452 442 2491 10.
477 2450 520 2491 P.
550 2451 833 2492 frondosus
865 2450 1089 2503 (Scnmxx.)
1120 2449 1190 2490 Fa.
1223 2450 1330 2504 Syst.
1363 2463 1465 2504 myc.
1497 2448 1528 2499 Ι,
1559 2463 1597 2502 p.
1621 2447 1713 2489 355.

378 2528 710 2579 Ramosissimus,
740 2529 983 2581 tenacellus,
1014 2528 1179 2582 pileolis
1209 2527 1570 2577 numerosissimis,
1599 2527 1715 2568 dimi-

254 2607 389 2657 diatiS,
433 2607 609 2660 rugosis,
653 2606 819 2657 Iobatis,
850 2606 1304 2656 intricate-recurvatis,
1337 2604 1712 2659 fuligineo-griseis.

254 2687 424 2740 Stipites
455 2689 780 2735 concrescentes,
812 2686 908 2726 albi.
959 2686 1055 2727 Pori
1085 2685 1240 2735 tenelli,
1271 2684 1440 2734 minimi,
1471 2683 1593 2729 acuti,
1617 2683 1713 2724 albi.

386 2774 467 2817 Syn.
527 2771 671 2804 Boleteaes
692 2771 892 2814 frondosus
920 2772 1099 2806 SCHRANK.
1132 2772 1166 2804 in
1198 2772 1290 2805 Flor.
1323 2772 1402 2805 dan.
1436 2775 1460 2804 t.
1495 2767 1585 2804 95⁶2.
1617 2770 1710 2802 Pers.
