1784 3177
284 168 336 207 84

362 293 429 333 19.
487 291 532 330 Ρ.
564 289 671 330 alta
699 289 814 330 FUCK.
846 287 974 340 Fung.
996 287 1109 327 rhen.
1132 287 1183 326 39
1206 287 1247 326 et
1268 284 1407 337 Symb.
1430 297 1533 338 myc.
1553 298 1593 337 p.
1616 285 1681 324 71.

361 369 534 421 Stipites
564 368 803 421 plerumqve
833 365 1019 413 solitarii,
1049 363 1184 404 rarius
1213 363 1301 404 bini
1331 362 1394 403 vel
1423 361 1531 403 terni
1560 375 1582 402 e
1602 364 1685 402 sto-

227 452 338 490 mate
376 447 537 498 emersi,
574 447 712 500 itaqve
748 446 842 487 laxe
873 442 1108 497 eaespitosi,
1141 442 1252 491 elati,
1284 441 1472 495 graciles,
1504 441 1686 480 6—m81ies

231 526 467 568 dichotomi.
525 525 645 566 Rami
673 527 876 577 patentes,
909 522 1062 563 sensim
1093 520 1307 573 attenuati,
1338 519 1432 573 plus
1462 518 1595 559 minus
1615 516 1688 558 fie-

230 605 366 655 xuosi3
396 604 501 645 rami
531 602 747 656 penultimi
777 600 934 642 ordinis
964 600 1030 641 vix
1060 613 1142 640 non
1163 612 1326 651 semper
1346 596 1542 638 bifurcati
1561 596 1604 636 in
1623 610 1689 637 ra-

233 684 366 724 mulos
403 683 519 732 duos,
557 686 716 729 tenues,
748 679 1040 732 acutiusculos,
1073 678 1182 718 inter
1211 690 1255 717 se
1285 676 1404 716 valde
1434 674 1688 727 inaeqvales:

234 763 366 804 altero
405 776 427 804 e
465 762 557 803 basi
597 763 768 803 arcuata
804 762 997 812 porrecto
1037 757 1099 798 vel
1130 755 1370 810 sigmoideo,
1402 754 1601 807 longiore,
1633 753 1691 793 al-

232 845 321 883 tero
352 841 481 882 multo
502 840 703 889 breviore,
726 838 929 880 arcuatim
950 835 1204 878 retro-flexo.
1249 833 1562 887 Zoosporangia
1583 831 1692 873 ovoi-

237 922 327 972 dea,
357 934 522 975 magna,
552 919 718 961 sordide
747 917 1030 960 violaseentia.

370 1007 453 1051 Syn.
512 1005 765 1048 Peronospora
803 1004 880 1037 alta
917 1004 970 1037 DE
999 1004 1041 1036 B.
1073 1002 1109 1035 in
1138 1000 1232 1036 Ann.
1263 1001 1319 1035 Se.
1351 1002 1424 1033 nat.
1460 996 1562 1032 1863
1594 1001 1630 1031 et
1658 997 1694 1031 in

237 1074 362 1108 Hedw.
397 1071 512 1115 1864,
542 1074 608 1107 N:0
640 1070 675 1113 9,
705 1084 739 1116 p.
776 1068 865 1104 139.

368 1142 505 1175 Exsice.
563 1142 696 1174 KARs‘r.
727 1140 839 1182 Fung.
870 1139 980 1172 Fenn.
1014 1134 1104 1170 579.

370 1212 478 1253 Hab.
537 1212 584 1252 In
614 1215 845 1260 Planlaffl'ne
874 1213 1035 1260 majore,
1067 1221 1090 1249 e
1118 1207 1310 1249 foliorum
1331 1206 1484 1260 pagina
1503 1204 1697 1245 inferiore

239 1292 462 1346 praecipue
493 1303 719 1344 emergens.
778 1289 826 1328 In
856 1287 1012 1329 Fennia
1042 1287 1149 1327 forte
1177 1285 1288 1326 haud
1316 1298 1424 1334 rara,
1457 1283 1534 1324 etsi
1564 1282 1699 1323 adhuc

239 1374 399 1411 tantum
437 1370 479 1410 in
518 1368 687 1423 regione
724 1366 985 1408 Mustialensi
1021 1368 1063 1406 et
1091 1378 1222 1418 prope
1253 1364 1381 1405 Wasa
1411 1362 1630 1404 observata.
1645 1360 1698 1414 ²⁸).

376 1504 440 1545 20.
499 1502 545 1543 P.
577 1501 799 1542 Rumieis
830 1501 955 1541 Coun.
987 1500 1099 1540 Ieon.
1130 1501 1161 1548 Ι,
1192 1513 1233 1551 p.
1265 1499 1330 1548 20,
1360 1500 1390 1538 t.
1421 1498 1459 1546 5,
1488 1496 1518 1535 f.
1550 1496 1643 1536 273.

374 1581 546 1634 Stipites
585 1581 712 1622 dense
750 1578 987 1632 eaespitosi,
1028 1577 1178 1631 singuli
1214 1580 1373 1625 tenues,
1410 1573 1599 1623 humiles,
1629 1575 1701 1614 aut

242 1661 469 1714 aeqvaliter
506 1663 650 1713 qvater
689 1658 926 1712 dichotomi,
967 1661 1038 1698 aut
1076 1656 1153 1698 sub
1192 1656 1310 1709 apice
1348 1656 1531 1694 3—ss:ies
1562 1652 1702 1693 dicho-

243 1745 355 1782 tomo
385 1753 523 1780 ramos
556 1740 661 1779 1——3
690 1752 858 1792 sparsos
888 1737 951 1779 vel
981 1736 1277 1789 suboppositos
1307 1738 1498 1787 ipsosqve
1526 1732 1701 1785 repetite

244 1821 501 1862 dichotomos
532 1821 735 1872 gerentes.
792 1817 912 1858 Rami
943 1816 1094 1857 sensim
1125 1815 1345 1864 attenuati3
1374 1812 1561 1866 primarii
1590 1825 1702 1853 eree-

244 1902 517 1952 to-patentes;
540 1897 674 1938 ultimi
693 1896 982 1950 patentissimi,
1004 1895 1162 1944 breves,
1185 1891 1545 1941 eonieo-subulati,
1567 1891 1702 1944 rigidi,

244 1978 347 2018 recti
377 1980 418 2018 et
447 1976 570 2017 acuti.
629 1974 941 2028 Zoosporangia
962 1987 1122 2027 magna,
1145 1971 1402 2025 ellipsoidea,
1423 1969 1702 2019 obtusissima,

246 2055 412 2097 sordide
442 2054 638 2096 violacea.

378 2141 460 2184 Syn.
519 2138 772 2182 Peronospora
801 2138 960 2170 Remzicis
989 2138 1042 2171 DE
1072 2138 1113 2170 B.
1144 2137 1180 2170 in
1211 2135 1305 2170 Ann.
1327 2135 1383 2170 Se.
1405 2137 1477 2167 nat.
1511 2131 1625 2175 1863,
1648 2131 1704 2166 4ze

247 2219 326 2249 sexu,
356 2208 425 2240 XX
455 2210 491 2240 et
519 2207 556 2240 in
585 2206 709 2239 Hedw.
746 2203 848 2239 1864
878 2206 944 2239 N:o
976 2201 1012 2237 9.
1043 2216 1078 2248 p.
1116 2201 1203 2238 139.

382 2275 516 2309 Exsiee.
575 2275 710 2308 KARST.
741 2273 852 2316 Fung.
885 2273 994 2305 Fenn.
1029 2269 1119 2305 580.
1178 2272 1265 2304 ΗΔΒ.
1295 2271 1407 2313 Fung.
1438 2280 1510 2303 eur.
1541 2265 1588 2310 II,
1611 2264 1701 2302 988.

380 2427 412 2475 *)
444 2432 486 2464 In
515 2431 648 2464 Fennia
677 2441 813 2475 qvoqve
844 2430 1062 2474 qvaerendae
1083 2432 1183 2462 sunt:
1212 2427 1257 2461 P.
1280 2426 1552 2460 Schleideniana
1572 2423 1700 2468 (Um.)

250 2500 287 2533 in
317 2497 410 2531 Allio
443 2495 538 2541 Cepa
566 2502 603 2531 et
631 2496 702 2531 Aa.
726 2497 896 2542 fistuloso,
928 2496 972 2532 P.
1004 2496 1222 2540 Iiyoscyamz'
1250 2497 1303 2528 DE
1333 2496 1387 2535 B„
1418 2495 1453 2527 iu
1474 2492 1698 2537 Hyoscyamo

246 2568 359 2610 nier,
398 2565 442 2598 P.
481 2565 631 2598 sordida
669 2567 792 2605 BERK„
832 2566 867 2598 in
900 2563 1156 2607 Scrophnlaria
1185 2562 1335 2603 nodosa,
1366 2561 1410 2594 P.
1443 2558 1700 2604 Clzrysosplem'i

245 2636 368 2674 FUCK„
406 2634 441 2666 in
478 2631 681 2676 Saoezfragm
718 2632 916 2675 yrcmulata
956 2636 992 2665 et
1028 2631 1072 2664 P.
1112 2630 1290 2663 Linariae
1326 2630 1448 2669 FUCK„
1478 2628 1513 2660 in
1542 2625 1702 2659 Linaria

244 2700 384 2745 vnlyarz'
414 2702 450 2734 et
477 2698 524 2732 L.
555 2699 693 2731 minori.
