1784 3177
327 199 377 236 10

310 324 358 363 X.
419 319 845 362 CANTHARELLUS
878 322 1032 370 Ama-s„
1063 321 1133 360 Fa.
1193 321 1298 375 Syst.
1331 335 1433 376 myc.
1466 323 1497 373 I,
1528 337 1567 376 p.
1600 327 1693 367 316.

397 400 604 442 Lamellae
635 412 1040 449 carnoso-ceraceae‚
1072 413 1251 449 crassae,
1284 399 1562 451 decurrentes,
1586 403 1728 444 dicho-

269 486 417 528 tomae,
459 478 547 519 acie
587 477 772 519 obtusae.
833 477 979 518 Velum
1009 477 1179 517 nullum.
1239 477 1397 530 Sporae
1430 480 1727 531 sphaeroideae
1783 462 1784 467 Ἰ

268 560 330 600 vel
369 556 945 611 sphaeroideo-ellipsoideae,
985 556 1105 596 albae
1136 556 1230 608 (sub
1262 556 1372 596 lente
1402 557 1623 610 hyalinae),
1655 559 1729 598 mi-

268 640 403 677 nutae.

399 723 511 764 Fungi
542 720 687 760 carnosi,
718 719 983 759 membranacei,
1014 720 1267 762 putrescentes.

418 828 490 868 XI.
549 825 812 867 NYCTALIS
843 826 912 865 Fu.
972 825 1110 878 Epicr.
1143 825 1248 878 Syst.
1283 839 1382 878 myc.
1415 839 1454 878 p.
1486 828 1579 866 370.

399 905 607 946 Lamellae
647 917 859 953 carnosae,
896 917 1075 952 crassae,
1107 904 1329 956 simplices,
1359 904 1609 957 inaeqvales,
1640 907 1729 947 acie

268 987 452 1027 obtusae.
518 983 700 1035 “Sporae
731 981 961 1034 elongatae,
993 981 1198 1029 curvulae,
1230 982 1523 1034 liiajusculae“.

400 1070 512 1111 angi
543 1068 688 1108 carnosi,
719 1067 809 1099 haud
837 1067 1098 1107 reviviscentes,
1130 1067 1320 1100 metcorici.

450 1174 539 1215 XII.
601 1173 918 1214 MARASMIUS
948 1174 1016 1213 Fa.
1076 1173 1214 1226 Epicr.
1246 1174 1351 1227 Syst.
1382 1188 1422 1226 p.
1454 1175 1546 1215 372.

399 1253 717 1306 Receptaculum
764 1252 932 1299 lentum,
979 1252 1154 1302 aridum,
1200 1266 1473 1301 marcescens,
1513 1252 1728 1306 irrigatum

266 1332 523 1373 reviviscens.
583 1332 721 1384 Stipes
753 1331 1046 1384 cartilagineus
1084 1331 1148 1371 vel
1188 1345 1375 1380 corneus,
1407 1345 1499 1371 cum
1535 1331 1728 1385 hymeno-

266 1411 397 1462 phoro
429 1409 656 1463 contiguus,
687 1409 760 1449 sed
789 1409 1101 1461 heterogeneus.
1162 1409 1319 1461 Sporae
1346 1409 1645 1462 sphaeroideae
1666 1409 1730 1450 vel

269 1490 476 1538 ovoideae,
508 1487 699 1541 hyalinae
728 1487 822 1540 (sub
854 1487 994 1538 lente),
1028 1487 1221 1527 minutae.

397 1600 509 1641 XIII.
568 1599 836 1640 LENTINUS
868 1600 937 1639 Fa.
997 1599 1134 1652 Epicr.
1168 1600 1272 1653 Syst.
1305 1614 1407 1653 myc.
1440 1614 1478 1652 p.
1510 1601 1603 1641 387.

399 1678 721 1730 Receptaculum
754 1678 1116 1727 carnoso-lentum,
1144 1678 1454 1731 hymenophoro
1477 1691 1568 1718 cum
1590 1677 1730 1730 stipite

270 1758 477 1806 continuo,
509 1757 776 1810 homogeneo.
828 1756 1037 1797 Lamellae
1069 1756 1422 1806 membranaceae,
1456 1756 1543 1796 acie
1574 1756 1731 1797 lacero-

269 1837 460 1877 dentatae
506 1835 567 1876 vel
611 1839 806 1876 serratae.
868 1835 1026 1888 Sporae
1071 1836 1371 1888 sphaeroideae
1416 1836 1478 1876 vel
1519 1834 1728 1885 ovoideae,

269 1914 401 1963 albae,
432 1913 627 1953 minutae.

400 1999 511 2040 Fungi
542 2000 726 2041 lignatiles,
758 2000 985 2043 polymorphi,
1018 2001 1301 2042 subirregulares.

442 2104 550 2144 XIV.
609 2104 784 2145 PANUS
815 2105 883 2145 Fa.
945 2106 1082 2159 Epicr.
1115 2107 1220 2159 Syst.
1255 2121 1355 2159 myc.
1389 2121 1427 2159 p.
1460 2108 1552 2146 396.

400 2182 720 2233 Receptaculum
748 2185 1189 2225 carnoso-coriaceum.
1248 2185 1457 2226 Lamellae
1479 2198 1569 2224 oum
1591 2184 1729 2236 hyme-

269 2260 455 2311 nophoro
488 2264 718 2310 concretae,
749 2262 1103 2312 membranaceae,
1136 2263 1224 2304 acie
1252 2263 1529 2316 integerrima.
1571 2261 1728 2313 Sporae

268 2336 310 2375 in
339 2337 582 2378 examinatis
613 2339 911 2390 sphaeroideae
941 2341 1003 2382 vel
1029 2342 1296 2390 obovoideae,
1319 2342 1467 2389 laeves,
1491 2340 1611 2381 albae
1632 2339 1727 2392 (sub

270 2415 383 2455 micr.
415 2415 606 2468 hyalinae
636 2417 697 2457 vel
729 2418 856 2459 dilute
886 2419 1187 2474 flavescentes),
1218 2419 1529 2460 minutissimae.

402 2500 513 2542 Fungi
544 2502 680 2544 epixyli,
712 2502 818 2535 forma
851 2506 946 2545 varii,
978 2507 1034 2538 diu
1066 2507 1304 2549 persistentes.

442 2593 530 2642 XV,
589 2595 792 2636 TROGIA
822 2598 891 2638 Fa.
950 2599 1088 2651 Epicr.
1121 2600 1226 2653 Syst.
1259 2613 1361 2653 myc.
1391 2613 1430 2651 p.
1458 2600 1551 2638 402.

402 2672 723 2724 Receptaculum
767 2674 932 2725 lentum,
975 2677 1108 2717 molle.
1177 2678 1386 2718 Lamellae
1424 2675 1726 2730 plicaeformes.

273 2747 360 2788 acie
391 2748 540 2801 crispa.
600 2752 758 2805 Sporae
789 2754 1087 2807 cylindraceae,
1117 2756 1308 2810 hyalinae
1338 2756 1433 2810 (sub
1463 2757 1604 2813 lente).
