1784 3177
310 160 392 201 320

393 289 428 327 1.
488 286 539 326 H.
572 300 688 327 serus
719 287 872 341 (Pnns.)
904 287 973 327 FP..
1006 288 1103 328 Obs.
1136 288 1165 328 Ι.
1196 302 1236 340 p.
1269 290 1361 329 278.

388 364 491 404 Late
536 363 722 414 effusum,
767 365 1014 415 inmustans,
1047 369 1182 415 tenue,
1213 365 1352 406 album
1384 366 1445 407 vel
1476 368 1717 409 caesio-lac-

255 445 380 490 teum,
412 454 557 482 recens
593 455 824 492 carnosum,
857 443 1059 496 glabrum,
1090 443 1345 496 pruinosum,
1377 444 1471 484 dein
1502 444 1718 485 siccatum-

258 533 333 571 qve
376 518 833 572 flocculoso—fatiscens,
878 521 1046 575 papillis
1087 522 1308 575 congestis,
1340 523 1539 572 rotundis,
1571 537 1720 576 aeqva-

256 596 377 638 libus.

390 682 471 726 Syn.
535 682 756 727 Thelephora
784 695 865 717 sera
900 685 996 717 Pers.
1029 686 1111 729 Syn.
1142 685 1251 728 Fung.
1284 698 1317 729 p.
1350 684 1439 720 580.
1502 686 1720 730 Thelepkora

258 759 460 803 bombycina
504 761 617 795 SOMM.
663 761 754 795 Flor.
799 764 909 807 Lapp.
949 775 982 807 p.
1016 760 1105 797 284.
1165 764 1227 797 Fa.
1257 764 1400 797 Elench.
1434 765 1544 807 Fung.
1575 776 1608 808 p.
1641 762 1714 799 211

259 842 294 870 et
324 838 439 882 Epicr.
472 839 564 882 Syst.
599 853 631 884 p.
667 837 756 873 544.
818 839 1003 873 c‘orticimz
1033 853 1144 873 serrum
1178 842 1242 875 ΕΒ.
1275 842 1377 886 Hym.
1410 853 1481 895 eur.
1513 855 1546 886 p.
1581 840 1670 877 659.

392 919 499 960 Hah.
561 920 695 974 Supra
739 922 916 963 cortices
959 927 1198 964 truncorum
1246 923 1425 964 Salicum
1471 927 1512 964 et
1557 924 1650 964 Alni
1680 925 1721 964 in

260 998 416 1038 Fennia
447 1001 486 1037 et
516 997 731 1051 Lapponia
762 1012 853 1040 sero
885 1003 1082 1041 autumno
1113 1001 1336 1052 hiemeqve.

394 1083 526 1127 Sporae
572 1084 815 1127 sphaeroideo-
859 1087 914 1118 vel
959 1087 1360 1130 ovoideo-ellipsoideac‚
1405 1087 1531 1128 laeves,
1563 1088 1721 1132 hyalinae

262 1161 316 1193 vel
348 1161 693 1205 chlorino-hyalinae,
725 1163 847 1205 longit.
883 1160 1011 1196 9-11
1048 1175 1177 1206 mmm.‚
1210 1164 1341 1196 cressit.
1374 1161 1479 1197 7—8
1511 1177 1625 1199 mmm.

395 1342 502 1383 Sect.
536 1344 586 1383 ΙΙ.
647 1344 892 1397 Hymenium
924 1345 1344 1399 subpulverulentum.

395 1434 430 1471 2.
492 1432 543 1472 Η.
576 1433 835 1473 olivaceus
868 1433 933 1473 Fa.
967 1433 1066 1474 Obs.
1099 1434 1149 1482 II,
1182 1448 1220 1486 p.
1253 1436 1346 1474 282.

394 1521 748 1572 Membranaceus,
801 1523 990 1573 adnatus‚
1038 1524 1194 1564 ambitu
1240 1523 1460 1573 fimbriato,
1507 1525 1727 1566 albicante.

259 1599 504 1653 Hymenium
549 1604 684 1650 tenue,
730 1602 904 1642 obscure
950 1602 1189 1651 olivaceum,
1228 1603 1733 1645 setuloso-tomentosum:

396 1687 478 1730 Syn.
537 1686 758 1730 Hypochmes
802 1688 977 1720 olivaceus
1022 1689 1084 1721 Fu.
1132 1689 1246 1722 SUMM.
1293 1689 1380 1731 Veg.
1419 1690 1544 1722 Scand.
1576 1701 1609 1732 p.
1642 1687 1717 1722 337

267 1762 489 1806 Theleplzora
520 1764 677 1797 olivacea
735 1765 798 1798 Fa.
828 1766 944 1809 Epicr.
973 1766 1064 1809 Syst.
1096 1777 1182 1809 myc.
1215 1778 1246 1810 p.
1280 1763 1357 1799 543
1390 1771 1427 1799 et
1455 1767 1596 1800 Elench.
1619 1767 1728 1810 Fung.

264 1851 297 1882 p.
337 1838 421 1874 197.
475 1840 659 1874 Coo-tioium
691 1844 878 1876 olizracemn
913 1844 974 1877 Fu.
1007 1845 1110 1888 Hym.
1140 1856 1210 1877 eur.
1243 1856 1274 1888 p.
1309 1842 1397 1878 660.

397 1923 503 1963 Hah.
566 1925 628 1964 Ad
674 1925 786 1978 ligna
830 1926 953 1978 pinea
998 1927 1051 1966 ad
1082 1930 1232 1966 terram
1266 1931 1474 1978 prostrata
1505 1927 1544 1966 in
1578 1928 1732 1967 Fennia

265 2004 329 2040 sat
360 2001 564 2054 freqvens.
615 2001 749 2043 Etiam
782 2003 823 2043 in
854 2004 1071 2056 Lapponia
1102 2005 1259 2045 rossica
1280 2005 1587 2058 (Kn'asfi-guba:
1611 2006 1729 2058 ipse).

400 2148 437 2188 3.
498 2148 548 2188 H.
596 2148 991 2190 Mustialaensis
1022 2150 1166 2190 KARST.
1199 2151 1239 2190 in
1272 2151 1364 2192 Not.
1396 2165 1444 2191 ur
1474 2152 1621 2192 Sffllsk.
1655 2165 1730 2204 pro

265 2225 391 2265 Faun.
425 2230 465 2266 et
495 2227 603 2267 Flor.
636 2227 761 2268 Fenn.
795 2228 915 2268 Forh.
948 2228 1017 2277 XI,
1054 2231 1171 2278 1871,
1204 2243 1242 2281 p.
1275 2231 1367 2269 222.

399 2316 499 2357 Late
544 2316 711 2367 effusus,
757 2318 961 2372 byssinus,
1008 2319 1165 2360 ambitu
1207 2320 1424 2360 albicante.
1485 2319 1726 2374 Hymenium

265 2393 564 2443 tenuissimum,
597 2396 1050 2447 submembranaceum,
1082 2399 1217 2450 sporis
1249 2402 1290 2438 et
1319 2398 1458 2439 floccis
1486 2399 1578 2439 laxe
1604 2399 1730 2439 inter-

265 2472 391 2512 textis
437 2475 722 2525 compositum,
768 2476 901 2527 primo
931 2476 1137 2525 flavidum,
1171 2477 1263 2517 dein
1296 2477 1596 2527 caerulescens,
1627 2491 1730 2518 zona

266 2550 418 2591 flavida
463 2552 664 2605 cingente,
710 2554 877 2606 papillis
922 2555 983 2595 vel
1015 2555 1198 2608 granulis
1229 2557 1473 2605 rotundatis,
1504 2556 1728 2609 inaeqvali-

266 2629 355 2679 bur,
387 2630 607 2683 congestis.

400 2714 482 2758 Syn.
545 2712 728 2747 Cortieimn
760 2715 1016 2751 Μιετίαῖαρψιεε
1046 2719 1108 2752 Fa.
1141 2720 1244 2764 Hym.
1276 2730 1346 2753 eur.
1377 2731 1409 2763 p.
1442 2717 1532 2754 705.
